3038 4760
697 480 864 544 ..26-

252 665 342 747 licat,
379 668 485 750 potuit
521 689 596 731 sane
631 670 855 750 grammaticus
893 668 1023 753 ὕστερος
1057 669 1217 754 explicare
1253 690 1311 754 per

254 778 416 862 δεύτερος,
441 801 505 843 non
527 781 604 844 item
628 780 775 865 δεύτερος
796 801 854 866 per
877 782 1016 864 ὕστερος.

358 892 442 954 VIII
465 893 515 973 92,
538 893 558 955 5
581 891 616 956 τὸ
642 892 678 956 δὲ
699 897 860 976 μέγιστον,
885 896 949 956 τῶν
973 892 1116 957 ὁπλιτῶν
1139 891 1174 958 τδ
1198 904 1310 976 στΐτχιος

252 1006 353 1068 ταῦτα
374 1003 537 1086 ἐβούλετο.
577 1004 653 1068 Vat.
668 1011 733 1068 τῶν
748 1003 893 1070 ὁπλιτῶν
908 1001 944 1068 τδ
960 1004 1102 1090 πλῆθος.
1142 1004 1310 1068 ΟΙαεευτιυε

247 1114 373 1196 judicat
400 1115 572 1178 abhorrere
600 1114 635 1180 τὸ
664 1126 788 1198 στῖφος.
835 1115 899 1180 Sed
921 1117 947 1179 si
970 1116 1138 1180 Classenns
1161 1115 1310 1179 concedit

253 1225 337 1310 apud
353 1226 543 1311 Aeschylum
559 1226 761 1292 Herodotum
777 1225 812 1291 τὰ
826 1238 937 1310 στῖφος
954 1228 993 1290 de
1014 1228 1152 1290 catervis
1174 1227 1309 1290 militum

252 1337 328 1420 legi,
360 1359 425 1402 non
457 1340 565 1420 video,
600 1339 710 1422 quidni
737 1341 879 1422 patiatur
908 1339 993 1402 idern
1024 1340 1155 1402 verbum
1183 1337 1224 1400 ad
1252 1338 1327 1400 hos.

252 1449 392 1532 hoplites
422 1430 597 1514 transferri.
642 1452 711 1532 Ego
740 1451 919 1534 putaverim
947 1471 985 1513 co
1009 1449 1142 1514 oonsilio
1165 1449 1309 1533 posuisse

253 1560 471 1645 Thucydidem
498 1559 533 1626 τὸ
561 1573 689 1645 στῖφος,
718 1571 754 1626 ut
775 1564 989 1626 turbulentam
1012 1562 1207 1644 significaret
1229 1561 1311 1624 hanc

139 1679 141 1685 '
181 1758 185 1766 Ι
254 1671 387 1735 militum
410 1673 654 1738 multitudinem.

358 1784 442 1847 VIII
468 1784 501 1867 5,
536 1785 556 1848 3
587 1784 728 1868 δύναμιν
763 1810 825 1869 γαρ
855 1785 938 1867 ἔχων
975 1783 1090 1860 αι’·τὸς
1118 1783 1310 1866 ἑκασταχόσε

254 1892 360 1970 δεινὸς
390 1893 509 1980 παρῆν.
555 1893 793 1972 1ἀ1.εδι’)ιίς.
839 1897 913 1961 Non
936 1907 985 1961 est
1007 1897 1145 1977 dubium,
1169 1897 1245 1978 quin
1269 1896 1310 1958 ad

253 2006 501 2088 intellegendum
534 2007 577 2071 sit
605 2006 730 2071 facilior
756 2006 871 2084 εὐθύς,
907 2031 970 2092 qua
996 2009 1124 2092 quidem
1153 2008 1309 2071 facilitate

252 2118 403 2181 minuitur
437 2118 656 2202 probabilitas,
704 2119 816 2202 Neque
850 2142 926 2184 vero
960 2142 1025 2184 non
1054 2125 1163 2204 potest
1196 2119 1311 2202 aliquis

250 2249 359 2292 sensus
382 2230 454 2293 elici
488 2250 528 2292 ex
561 2226 674 2304 αὐτός,
698 2231 725 2294 si
748 2232 893 2295 trahatur
920 2233 961 2295 ad
988 2231 1082 2312 ἔχων.
1129 2231 1210 2313 Agis
1237 2231 1312 2313 quia

250 2341 424 2404 exercitum
445 2341 513 2426 ipse
535 2349 681 2424 paratum
703 2343 815 2406 habuit
835 2363 894 2407 nec
918 2365 957 2408 cx
982 2342 1309 2406 Lacedaemoniorum

252 2454 377 2517 demum
400 2451 532 2516 civitate
555 2453 730 2534 arcessivit,
754 2455 857 2517 ubivis
880 2454 1089 2518 formidabilis
1112 2453 1182 2517 fuit.

356 2563 495 2646 171134,
525 2561 556 2628 οἱ
585 2569 647 2647 μὲν
673 2563 735 2647 γὰρ
764 2569 937 2648 Κορίνθιοι
965 2571 1018 2628 καὶ
1041 2565 1309 2648 Πελοποννήσιοι

253 2673 335 2757 πρὸς
356 2677 391 2767 τῇ
414 2677 452 2767 γῇ
477 2679 721 2760 ναυμαχοῦντες
742 2682 804 2739 καὶ
828 2676 1030 2751 διεσιόζυνιο.
1063 2678 1139 2740 Vat.
1165 2675 1312 2760 ῥᾳδίως

252 2787 453 2862 διεσώζοντο.
499 2787 574 2850 Non
595 2795 684 2850 recte
711 2786 787 2850 fecit
815 2787 993 2869 KriigeruS,
1015 2789 1101 2870 quod
1129 2795 1162 2852 et
1188 2787 1312 2871 ῥᾳδίοις

252 2906 285 2962 ot
307 2901 361 2961 καί
383 2900 513 2983 recepit,
537 2904 617 2982 quae
641 2899 722 2962 duae
745 2919 841 2962 voces
864 2899 939 2982 quia
957 2899 1043 2962 nullo
1065 2900 1178 2964 eodem
1197 2900 1309 2963 codice

252 3011 455 3089 exhibentur,
487 3011 659 3073 verisimile
692 3019 742 3074 est
775 3012 909 3074 alteram
935 3011 1065 3074 alterins
1092 3011 1194 3075 vicem
1223 3032 1312 3075 oecu-

252 3141 354 3206 passe,
400 3120 453 3186 Sic
475 3130 582 3186 autem
603 3123 813 3186 ratiocinatus
836 3123 1001 3186 statuerim
1025 3121 1146 3206 ῥᾳδίοις
1162 3144 1202 3186 rx
1218 3124 1312 3186 inter·

252 3235 435 3318 pretatione
473 3242 577 3297 ortum
617 3254 702 3315 esse.
741 3235 827 3317 quod
866 3233 934 3296 fieri
971 3235 1087 3318 potuit.
1138 3233 1220 3297 Nam
1258 3238 1312 3296 καί

252 3345 373 3409 indicat
401 3343 484 3426 πρὸς
509 3331 553 3436 τῇ.
574 3348 613 3436 γῇ
643 3359 824 3429 ναυμαχεῖν
849 3353 882 3409 et
910 3345 1133 3420 διασώζεσθαι
1160 3346 1206 3407 ita
1228 3345 1312 3408 inter

253 3478 286 3522 se
310 3457 491 3539 cohaerere,
515 3465 550 3520 ut
572 3478 667 3520 unum
685 3457 727 3520 sit
742 3477 837 3520 causa
854 3457 994 3538 alterius,
1011 3477 1104 3540 quam
1120 3455 1311 3520 cohaerendi

252 3570 318 3632 rim
341 3569 463 3653 placuit
484 3568 692 3652 grammatico
717 3589 796 3632 voce
819 3567 941 3651 ῥᾳδίως
962 3570 1131 3632 illustrare.

359 3679 497 3761 V1173,
522 3680 564 3743 l‘
592 3681 772 3764 ομοκροὶτης
795 3728 803 3744 .
829 3727 836 3744 .
863 3727 870 3744 .
897 3678 1061 3762 figuratam,
1087 3678 1129 3753 ὠς
1152 3675 1190 3743 οὗ
1208 3677 1313 3760 χρεδιν

253 3791 470 3878 α’ττοχοιρῆσαι
503 3838 512 3854 .
549 3838 557 3854 .
590 3788 677 3853 ἀλλὰ
713 3789 913 3865 ἐξελθόντας
950 3789 1010 3874 ἤδη
1046 3791 1176 3865 πάντας
1212 3795 1312 3871 Συρα-

253 3907 382 3977 κοσίους
403 3909 458 3967 καὶ
479 3901 554 3976 τοὺς
576 3902 765 3984 ξυμμάχους
788 3899 844 3973 τοὶς
866 3924 898 3964 τε
926 3898 1023 3975 ὀδοὺς
1045 3898 1312 3986 ἆιτοιιιοδομῆσαι

253 4020 306 4078 καὶ
338 4012 376 4078 ιὰ
400 4015 572 4098 στενότερα
595 4016 660 4077 τῶν
685 4016 812 4096 χοιρίων
841 4015 1162 4096 προφθάσαντας
1192 4011 1311 4096 φυλάσ-

254 4145 333 4193 σειν.
395 4127 472 4194 Vat.
515 4124 781 4208 διαλαβόντας
826 4122 1018 4208 φυλάσσειν.
1079 4121 1140 4202 Qui
1185 4129 1313 4188 tuentur
