3038 4760
315 1529 503 1644 Vaticanus
534 1579 637 1642 codex
670 1599 710 1641 ex
739 1600 802 1661 quo
833 1585 977 1664 tempore
1005 1582 1045 1643 ab
1073 1581 1269 1646 Immanuelo

209 1687 359 1752 Behkcro
397 1695 484 1752 totus
518 1710 668 1753 excussus
701 1691 856 1771 innotuit,
894 1692 934 1753 de
967 1691 1035 1773 ejus
1068 1693 1271 1774 auctoritate,

209 1819 303 1881 quam
332 1799 383 1861 ad·
400 1801 631 1866 emendandum
659 1802 877 1886 Thucydidem
903 1802 1034 1881 habeat,
1068 1805 1100 1866 in
1128 1804 1270 1868 diversas

209 1911 384 1974 sententias
410 1912 470 1974 viri
501 1913 589 1976 docti
619 1913 842 1978 discesserunt.
892 1913 1060 1978 Bekkerus
1090 1917 1173 1979 enim
1202 1917 1270 1999 ipse

208 2023 377 2106 plurimum
401 2022 513 2086 tribuit
534 2023 704 2105 Vaticano,
727 2046 821 2108 quem
837 2025 907 2108 jam
929 2027 961 2089 iu
985 2026 1105 2108 majore
1128 2027 1270 2090 editione

210 2154 304 2217 saepe
327 2155 421 2196 unum
445 2134 560 2201 ceteris
583 2137 746 2200 codicibus
768 2139 924 2219 neglectis
948 2145 1073 2202 secutus
1090 2145 1147 2220 est,
1170 2127 1270 2201 multo
1332 2171 1335 2178 ·

209 2246 306 2308 etiam
328 2244 454 2328 saepius
476 2246 508 2308 in
528 2246 670 2310 editione
687 2249 819 2312 minore.
857 2249 934 2312 (lum
949 2248 1099 2312 Bekhero
1124 2249 1274 2312 dissensit
1331 2255 1335 2266 '

209 2357 333 2440 Poppo,
357 2377 452 2438 quom
475 2357 627 2440 vulgatae
650 2361 828 2444 scripturae
849 2381 958 2424 rursus
982 2361 1153 2424 exsisteret
1175 2367 1273 2422 tenax

210 2475 243 2530 et
270 2468 405 2531 maxime
434 2470 561 2550 quidem
584 2471 616 2532 in
640 2471 763 2535 duobus
785 2473 875 2536 libris
898 2471 1025 2550 ultimis,
1052 2490 1132 2553 quos
1154 2470 1187 2532 in
1210 2469 1274 2532 Va-

210 2580 316 2642 ticano
342 2579 437 2642 valde
464 2581 677 2664 interpolatos
693 2584 857 2666 judicaret
879 2583 1033 2647 exhiberi.
1079 2581 1273 2646 Recentiore

211 2697 318 2753 aetate
346 2689 398 2772 qui
427 2710 556 2772 operam
579 2711 666 2756 suam
689 2695 721 2757 in
744 2696 945 2758 emendando
969 2693 1155 2777 Thucydide
1179 2693 1274 2756 collo·

212 2809 373 2881 caverunt,
397 2822 491 2882 quom
508 2803 648 2866 Bekhcri
671 2807 816 2887 vestigiis
838 2807 1032 2886 insisterent,
1054 2806 1180 2887 longius
1201 2823 1273 2888 pro·

209 2914 310 2994 gressi
347 2919 419 2975 surrt
454 2913 592 2978 fovendo
625 2917 802 2998 Vaticano,
840 2938 933 3000 quern
967 2917 1094 2980 summis
1126 2916 1273 2978 laudibus

210 3025 377 3087 extollunt.
423 3025 585 3090 Mirabilia
612 3048 690 3091 vero
718 3037 798 3109 sunt,
828 3051 909 3112 quae
932 3029 1163 3112 superposuit
1186 3027 1271 3091 Clas-

209 3157 303 3200 scnns
332 3143 480 3200 octavum
509 3137 624 3201 librum
654 3140 781 3204 fluxisse
807 3162 847 3204 ex
873 3141 1061 3204 recensione
1089 3141 1150 3202 uiri
1172 3160 1273 3221 gram-

209 3249 317 3311 matici
340 3247 564 3330 Alexandrini,
593 3252 660 3332 qui,
688 3273 750 3334 qua
777 3259 847 3315 erat
874 3252 1024 3316 dictionis
1047 3250 1273 3335 Thucydideae

206 3361 334 3443 peritia,
360 3361 392 3422 in
422 3381 492 3422 eam
515 3360 649 3424 formam
672 3363 771 3424 verba
802 3365 979 3445 redegerit,
1009 3364 1043 3426 in
1070 3383 1163 3445 quam
1184 3363 1274 3426 rede-

209 3473 308 3554 gisset
330 3473 398 3554 ipsc
415 3471 625 3556 Thucydides,
648 3474 708 3536 nisi
723 3483 961 3558 praematuram
976 3481 1112 3538 mortem
1129 3475 1271 3538 obiisset.

210 3583 263 3646 Sic
297 3585 446 3666 opinatus
476 3584 589 3647 suadet
621 3584 788 3648 Classenus
821 3587 1015 3650 Vaticanum
1047 3606 1124 3669 prae
1158 3585 1297 3649 ceteris¹

209 3696 372 3760 codicibus
405 3697 505 3777 magis
543 3693 734 3759 audiendum
771 3717 856 3778 esse,
894 3697 984 3780 qnasi
1020 3717 1098 3760 rero
1136 3697 1170 3758 in
1203 3703 1272 3760 arte

209 3808 322 3870 critica
361 3808 540 3870 exercenda
576 3808 663 3896 aliud
700 3808 872 3890 quidquam
908 3808 1080 3871 debeamus
1117 3815 1272 3890 spectare,

208 3939 301 4000 quam
330 3927 364 3982 ut
395 3920 561 4003 scriptoris
588 3920 686 4003 ipsius
717 3921 817 3982 rerba
849 3919 1079 4000 qualiacunque
1113 3921 1195 4000 sint,
1226 3939 1273 3982 re·

208 4031 391 4094 stituantur.
427 4069 468 4079 —
502 4032 540 4094 ln
572 4031 633 4095 hoc
667 4032 811 4094 dissensu
844 4031 923 4094 utile
953 4031 1046 4094 nobis
1076 4030 1204 4092 videtur
1233 4030 1273 4092 iis

208 4141 296 4223 locis,
318 4143 372 4226 qui
395 4143 435 4206 ad
459 4143 540 4206 hanc
565 4163 692 4206 causam
708 4150 901 4206 momentum
918 4142 1047 4224 faciunt,
1070 4141 1273 4224 perlustratis

1145 4262 1159 4316 l
