3038 4760
645 461 755 560 ξω
778 531 820 541 -
849 490 869 524 ··

204 687 338 768 στρατός
360 685 392 748 iu
416 684 507 748 unius
530 685 621 748 καυλοί
644 685 795 748 ambitum
818 684 900 748 adeo
924 682 1051 765 eoaluit,
1080 690 1116 748 ut
1139 682 1267 748 omnino

204 820 268 861 nen
295 799 484 862 invertatur.
530 797 668 860 Gravius
694 817 771 860 vern
800 802 851 858 est
878 796 972 876 illud„
997 796 1083 878 quod
1110 817 1203 860 neme
1227 795 1268 858 ad

204 911 264 973 hue
292 917 454 974 assecutus
481 915 543 990 est,
571 907 648 990 quid
675 909 735 970 sibi
759 908 858 972 uellet
880 907 960 971 illud
983 908 1082 984 πεζός
1103 885 1164 971 hoe
1185 907 1268 988 loen,

204 1042 266 1104 quo
291 1021 418 1084 minime
447 1041 464 1083 e
488 1019 667 1084 sententiae
689 1040 725 1082 re
748 1019 912 1103 premitur.
941 1019 1027 1100 quod
1050 1019 1193 1102 peditum
1217 1019 1268 1082 hie

172 1165 176 1170 »
204 1133 265 1196 luit
287 1133 457 1196 exereitus,
955 1169 957 1176 ι

308 1243 542 1307 Recenseamus
555 1263 637 1305 nune
647 1262 685 1304 ea
693 1242 989 1324 interpretamenta,
999 1263 1079 1324 quae
1089 1247 1269 1326 supersunt.

309 1355 375 1418 VH
399 1342 491 1434 18,3
525 1351 639 1438 ἐπειδὴ
671 1353 707 1416 δὲ
736 1351 767 1418 oi
790 1352 969 1439 Ἀθηναῖοι
997 1365 1068 1429 ταῖς
1094 1357 1269 1436 τριάκοντα
1282 1376 1288 1408 ι’

205 1472 298 1530 ναυσὶ
321 1463 506 1549 ὁρμώμενοι
524 1464 727 1548 Ἐπιδαύρου
749 1468 784 1528 τί
805 1491 833 1528 τι
856 1471 911 1528 καὶ
925 1468 1084 1549 Πρασιῶν
1106 1471 1160 1529 καὶ
1183 1465 1269 1528 ἄλλα

205 1577 367 1667 ἐδῄωσαν,
394 1624 401 1640 .
427 1625 434 1640 .
462 1625 469 1640 .
497 1625 505 1640 .
529 1577 605 1640 tat.
631 1576 852 1658 ἕξ”Αργους
874 1576 1072 1661 ὁρμοίμινοι,
1098 1599 1160 1659 qno
1184 1577 1270 1639 addi·

203 1693 346 1752 tamento
380 1690 571 1752 sententiam
605 1689 751 1769 indigere
785 1690 863 1752 mihi
897 1712 962 1754 non
995 1697 1044 1753 est
1076 1709 1269 1773 persuasum,

203 1799 256 1882 qui
279 1801 387 1882 potius
410 1821 481 1863 eum
504 1801 605 1863 Porto
628 1799 813 1881 intellegam
837 1822 876 1864 ex
899 1803 1019 1866 Attica.
1055 1780 1167 1883 Neque
1190 1820 1268 1862 vero

202 1911 252 1973 Vr
277 1911 347 1991 105,
369 1933 432 1994 quo
456 1917 566 1974 noster
588 1911 678 1974 loeus
700 1919 834 1994 spectat,
857 1913 975 1992 legitur
991 1913 1087 1993 Argis
1108 1912 1270 1994 presentes

202 2043 271 2086 esse
299 2024 521 2104 Athenienses,
549 2023 661 2086 sedin
685 2023 749 2086 alin
773 2024 952 2086 sententiae
975 2045 1059 2086 nexu
1082 2023 1118 2099 ἐξ
1131 2021 1271 2104 ’Ἁργους

203 2135 454 2218 deprehenditur
481 2133 764 2219 ἀναχωρησάντων
793 2135 828 2199 δὲ
856 2138 921 2198 τῶν
942 2133 1135 2220 Ἀθηναίων
1157 2133 1192 2196 ἐκ
1215 2135 1270 2196 τοῦ

194 2245 339 2326 ’Ἄργους
367 2258 437 2322 ταῖς
467 2249 576 2321 ναυσί,
612 2247 696 2310 uude
724 2249 868 2330 suspicor
895 2247 1094 2333 grammatipi
1122 2265 1215 2308 manu
1238 2243 1273 2319 ἐξ

195 2355 338 2439 ’Ἄργους
360 2359 392 2420 in
415 2367 560 2422 nostrum
582 2357 687 2422 loeum
711 2359 907 2441 migravisse.

309 2468 375 2531 Vll
402 2470 474 2550 4,ss
508 2476 550 2557 τῷ
586 2495 618 2535 τε
651 2471 715 2554 γὰρ
749 2470 842 2534 ὕδατι
871 2473 999 2560 σπανίῳ
1026 2469 1190 2551 χρώμενοι
1217 2469 1272 2529 καί

207 2577 264 2643 ου’-κ
291 2581 430 2661 ἐγγύθεν
460 2587 513 2644 καί
540 2581 596 2646 ἐπὶ
624 2581 853 2666 φρυγανιομὸν
879 2581 949 2665 ἅμα
972 2579 1073 2646 ὁπότε
1089 2579 1272 2655 ,ἐξέλθοιεν

207 2689 237 2756 οἱ
263 2697 393 2768 ναῦται,
419 2691 485 2759 τἰπὸ
510 2697 574 2757 τῶν
597 2691 729 2758 ἱππέων
750 2697 815 2758 τῶν
837 2697 1046 2775 Συρακοσίων
1068 2692 1272 2776 κρατούντων

204 2805 338 2888 τῆςγῆς
366 2804 608 2888 διεφθείροντο.
645 2805 711 2867 Vas
734 2802 766 2868 oi
783 2805 901 2870 πολλοὶ
917 2804 1158 2888 διεφθείροντο.
1193 2803 1272 2866 Con-

204 2914 358 2977 sentimus
382 2915 531 2998 Popponi
555 2913 586 2980 οί
610 2916 731 2980 πολλοί
754 2918 794 2979 ab
822 2918 1001 3000 interprete
1018 2916 1179 2998 adjectum
1195 2935 1273 2995 esse,

204 3047 244 3089 ne
275 3027 345 3108 quis
371 3034 502 3110 putaret
530 3049 639 3092 omnes
666 3029 800 3112 periisse
827 3036 951 3092 nautas.
996 3030 1042 3091 At
1068 3028 1124 3090 tali
1150 3027 1272 3090 addita·
1365 3083 1367 3092 .

204 3145 311 3200 mento
341 3139 425 3202 idem
448 3140 498 3201 uir
520 3140 633 3203 doetus
655 3147 743 3203 reete
761 3140 888 3222 judicat
910 3161 969 3203 uos
991 3141 1130 3203 libenter
1153 3160 1271 3220 carere,

203 3269 299 3330 quem
332 3251 504 3314 seermdum
535 3253 693 3334 quandam
725 3251 851 3315 dieeudi
880 3253 1013 3335 figuram
1040 3253 1141 3317 lineat
1169 3250 1271 3316 ὁπότε

205 3357 236 3424 οἱ
274 3365 391 3426 ναῦται
426 3364 595 3439 ἐξέλθοιεν
628 3364 775 3446 seeipere
809 3363 910 3429 ὁπότε
939 3369 1023 3439 τινὲς
1052 3367 1116 3427 τῶν
1145 3366 1272 3427 ναυτῶν

205 3474 386 3550 ἐξέλθοιεν.
1166 3462 1170 3470 ’

309 3585 376 3647 VII
397 3585 448 3664 43,
471 3585 502 3648 4.
538 3582 570 3649 οἳ
603 3585 639 3648 δὲ
667 3585 800 3660 πλείους
828 3586 1042 3671 διαφυγόντες
1065 3585 1165 3662 εὐθὺς
1188 3584 1272 3669 πρὸς

205 3693 244 3758 τὰ
278 3695 480 3777 στρατόπιδα
511 3696 533 3760 ἃ
565 3695 605 3781 ἦν
632 3697 687 3762 ἐπὶ
715 3701 780 3761 τῶν
804 3697 994 3763 Ἐπιπολῶν
1021 3703 1093 3784 τρία
1121 3699 1210 3783 (Vas.
1235 3698 1271 3761 ἓν

206 3810 498 3890 προτειχίσμασιν),
524 3811 560 3872 ἓν
580 3815 642 3891 μὲν
664 3811 728 3872 τῶν
750 3812 815 3872 τῶν
836 3814 1053 3893 Συρακοσίων,
1090 3814 1125 3874 ἓν
1149 3810 1185 3874 δὲ
1208 3815 1272 3873 τῶν

197 3916 316 3998 ,ἄλλων
345 3918 560 3993 Σικελιωτῶν,
597 3923 633 3982 ἓν
666 3917 702 3983 δὲ
735 3925 799 3983 τῶν
827 3924 1020 4005 ξυμμάχων,
1057 3919 1272 4002 ἀγγέλλουσιν

206 4027 262 4112 τὴν
284 4028 408 4114 ἔφοδον
432 4077 439 4094 .
466 4078 473 4094 .
499 4078 506 4094 .
533 4077 540 4094 .
566 4030 639 4094 Νοο
663 4032 771 4094 audivi
793 4033 826 4094 in
848 4035 1096 4117 propugnaculis
1120 4033 1272 4098 eolloeari
1325 4055 1328 4062 ·

207 4147 323 4222 eastra,
358 4162 452 4225 qiiom
487 4149 593 4205 eastra
631 4143 748 4229 quippe
784 4145 905 4207 mnnita
934 4146 1169 4226 quedammodo
1202 4147 1272 4232 ipss
