<?xml version="1.0" encoding="UTF-8"?>
<!DOCTYPE html PUBLIC "-//W3C//DTD XHTML 1.0 Transitional//EN"
    "http://www.w3.org/TR/xhtml1/DTD/xhtml1-transitional.dtd">
<html xmlns="http://www.w3.org/1999/xhtml" xml:lang="en" lang="en">
 <head>
  <title>
</title>
<meta http-equiv="Content-Type" content="text/html;charset=utf-8" />
  <meta name='ocr-system' content='tesseract 3.04.00' />
  <meta name='ocr-capabilities' content='ocr_page ocr_carea ocr_par ocr_line ocrx_word'/>
</head>
<body>
  <div class='ocr_page' id='page_1' title='image "./devaticanicodic00eggegoog_0021.png"; bbox 0 0 3038 4760; ppageno 0'>
   <div class='ocr_carea' id='block_1_1' title="bbox 708 473 883 539">
    <p class='ocr_par' dir='ltr' id='par_1_1' title="bbox 708 473 883 539">
     <span class='ocr_line' id='line_1_1' title="bbox 708 473 883 539; baseline 0.006 -17"><span class='ocrx_word' id='word_1_1' title='bbox 708 473 883 539; x_wconf 50' lang='lat'><strong>„141-</strong></span> 
     </span>
    </p>
   </div>
   <div class='ocr_carea' id='block_1_2' title="bbox 167 658 1327 2415">
    <p class='ocr_par' dir='ltr' id='par_1_2' title="bbox 167 658 1327 2415">
     <span class='ocr_line' id='line_1_2' title="bbox 262 658 1327 756; baseline 0.004 -30"><span class='ocrx_word' id='word_1_2' title='bbox 262 661 493 748; x_wconf 87' lang='lat' dir='ltr'>propugnaculi</span> <span class='ocrx_word' id='word_1_3' title='bbox 516 661 585 726; x_wconf 88' lang='lat' dir='ltr'>vice</span> <span class='ocrx_word' id='word_1_4' title='bbox 608 663 794 728; x_wconf 78' lang='lat' dir='ltr'>habeantur.</span> <span class='ocrx_word' id='word_1_5' title='bbox 833 665 970 756; x_wconf 75' lang='lat' dir='ltr'>Accedit</span> <span class='ocrx_word' id='word_1_6' title='bbox 985 663 1071 750; x_wconf 90' lang='lat' dir='ltr'>quod</span> <span class='ocrx_word' id='word_1_7' title='bbox 1086 658 1173 730; x_wconf 86' lang='lat' dir='ltr'>recte</span> <span class='ocrx_word' id='word_1_8' title='bbox 1189 665 1327 730; x_wconf 90' lang='lat' dir='ltr'>animad-</span> 
     </span>
     <span class='ocr_line' id='line_1_3' title="bbox 263 773 1327 860; baseline 0.004 -24"><span class='ocrx_word' id='word_1_9' title='bbox 263 776 362 838; x_wconf 85' lang='lat' dir='ltr'>vertit</span> <span class='ocrx_word' id='word_1_10' title='bbox 391 775 560 839; x_wconf 82' lang='lat' dir='ltr'>Goellerus</span> <span class='ocrx_word' id='word_1_11' title='bbox 588 775 806 859; x_wconf 78' lang='lat' dir='ltr'>Thucydidem</span> <span class='ocrx_word' id='word_1_12' title='bbox 838 796 992 858; x_wconf 77' lang='lat' dir='ltr'>nusquam</span> <span class='ocrx_word' id='word_1_13' title='bbox 1026 773 1267 860; x_wconf 82' lang='lat' dir='ltr'>propugnacula</span> <span class='ocrx_word' id='word_1_14' title='bbox 1294 778 1327 840; x_wconf 90' lang='lat' dir='ltr'>in</span> 
     </span>
     <span class='ocr_line' id='line_1_4' title="bbox 178 863 1327 972; baseline 0.002 -24"><span class='ocrx_word' id='word_1_15' title='bbox 178 863 180 873; x_wconf 15' lang='grc' dir='ltr'>ι</span> <span class='ocrx_word' id='word_1_16' title='bbox 263 885 408 970; x_wconf 80' lang='lat' dir='ltr'>Epipolis</span> <span class='ocrx_word' id='word_1_17' title='bbox 445 886 507 949; x_wconf 84' lang='lat' dir='ltr'>sita</span> <span class='ocrx_word' id='word_1_18' title='bbox 542 907 800 951; x_wconf 86' lang='lat' dir='ltr'>commemorare.</span> <span class='ocrx_word' id='word_1_19' title='bbox 849 887 932 952; x_wconf 89' lang='lat' dir='ltr'>Nam</span> <span class='ocrx_word' id='word_1_20' title='bbox 961 909 1001 952; x_wconf 86' lang='lat' dir='ltr'>ne</span> <span class='ocrx_word' id='word_1_21' title='bbox 1033 889 1102 972; x_wconf 89' lang='lat' dir='ltr'>quis</span> <span class='ocrx_word' id='word_1_22' title='bbox 1132 889 1327 972; x_wconf 84' lang='lat' dir='ltr'>paragraphi</span> 
     </span>
     <span class='ocr_line' id='line_1_5' title="bbox 263 996 1327 1084; baseline 0.004 -24"><span class='ocrx_word' id='word_1_23' title='bbox 263 1005 373 1061; x_wconf 81' lang='lat' dir='ltr'>sextae</span> <span class='ocrx_word' id='word_1_24' title='bbox 395 998 495 1060; x_wconf 87' lang='lat' dir='ltr'>verba</span> <span class='ocrx_word' id='word_1_25' title='bbox 519 996 565 1077; x_wconf 78' lang='grc' dir='ltr'>(οἱ</span> <span class='ocrx_word' id='word_1_26' title='bbox 589 997 625 1061; x_wconf 73' lang='grc' dir='ltr'>δὲ</span> <span class='ocrx_word' id='word_1_27' title='bbox 646 1001 841 1080; x_wconf 79' lang='grc' dir='ltr'><strong><em>Συρακόσιοι</em></strong></span> <span class='ocrx_word' id='word_1_28' title='bbox 866 1046 1079 1066; x_wconf 88' lang='grc'><strong>.......</strong></span> <span class='ocrx_word' id='word_1_29' title='bbox 1105 999 1269 1084; x_wconf 70' lang='grc' dir='ltr'><strong><em>ἐβοήθουν</em></strong></span> <span class='ocrx_word' id='word_1_30' title='bbox 1293 1000 1327 1064; x_wconf 76' lang='grc' dir='ltr'>ἐκ</span> 
     </span>
     <span class='ocr_line' id='line_1_6' title="bbox 264 1109 1326 1195; baseline 0.003 -23"><span class='ocrx_word' id='word_1_31' title='bbox 264 1112 327 1174; x_wconf 83' lang='grc' dir='ltr'><strong><em>τῶν</em></strong></span> <span class='ocrx_word' id='word_1_32' title='bbox 349 1109 643 1190; x_wconf 83' lang='grc' dir='ltr'><strong><em>προτειχισμότυιν)</em></strong></span> <span class='ocrx_word' id='word_1_33' title='bbox 667 1110 789 1190; x_wconf 79' lang='lat' dir='ltr'>afferat,</span> <span class='ocrx_word' id='word_1_34' title='bbox 818 1110 897 1172; x_wconf 90' lang='lat' dir='ltr'>haec</span> <span class='ocrx_word' id='word_1_35' title='bbox 921 1115 994 1193; x_wconf 88' lang='grc' dir='ltr'><strong><em>τρία</em></strong></span> <span class='ocrx_word' id='word_1_36' title='bbox 1018 1111 1225 1191; x_wconf 82' lang='grc' dir='ltr'><strong><em>στρατόπεδα</em></strong></span> <span class='ocrx_word' id='word_1_37' title='bbox 1247 1113 1326 1195; x_wconf 84' lang='lat' dir='ltr'>ipsa,</span> 
     </span>
     <span class='ocr_line' id='line_1_7' title="bbox 263 1216 1326 1306; baseline 0.004 -24"><span class='ocrx_word' id='word_1_38' title='bbox 263 1239 344 1302; x_wconf 87' lang='lat' dir='ltr'>quae</span> <span class='ocrx_word' id='word_1_39' title='bbox 367 1218 422 1304; x_wconf 74' lang='lat'>§4</span> <span class='ocrx_word' id='word_1_40' title='bbox 445 1219 522 1282; x_wconf 91' lang='lat' dir='ltr'>dicit</span> <span class='ocrx_word' id='word_1_41' title='bbox 539 1219 751 1302; x_wconf 86' lang='lat' dir='ltr'>Thucydides,</span> <span class='ocrx_word' id='word_1_42' title='bbox 774 1216 992 1302; x_wconf 87' lang='lat' dir='ltr'>intellegenda</span> <span class='ocrx_word' id='word_1_43' title='bbox 1008 1227 1088 1300; x_wconf 87' lang='lat' dir='ltr'>sunt,</span> <span class='ocrx_word' id='word_1_44' title='bbox 1112 1243 1175 1285; x_wconf 92' lang='lat' dir='ltr'>non</span> <span class='ocrx_word' id='word_1_45' title='bbox 1193 1224 1326 1306; x_wconf 88' lang='lat' dir='ltr'>proprio</span> 
     </span>
     <span class='ocr_line' id='line_1_8' title="bbox 167 1318 1326 1416; baseline 0.003 -22"><span class='ocrx_word' id='word_1_46' title='bbox 167 1318 171 1325; x_wconf 41' lang='lat'><strong>¹</strong></span> <span class='ocrx_word' id='word_1_47' title='bbox 263 1351 357 1394; x_wconf 85' lang='lat' dir='ltr'>sensu</span> <span class='ocrx_word' id='word_1_48' title='bbox 379 1334 646 1414; x_wconf 82' lang='grc' dir='ltr'><strong><em>προτοιχίσματα,</em></strong></span> <span class='ocrx_word' id='word_1_49' title='bbox 675 1331 704 1393; x_wconf 91' lang='lat' dir='ltr'>in</span> <span class='ocrx_word' id='word_1_50' title='bbox 727 1333 839 1414; x_wconf 86' lang='lat' dir='ltr'>quibus</span> <span class='ocrx_word' id='word_1_51' title='bbox 862 1331 980 1396; x_wconf 86' lang='lat' dir='ltr'>fuerint</span> <span class='ocrx_word' id='word_1_52' title='bbox 1004 1333 1220 1416; x_wconf 77' lang='grc' dir='ltr'><strong><em>στρατόπεδα.</em></strong></span> <span class='ocrx_word' id='word_1_53' title='bbox 1257 1335 1326 1398; x_wconf 89' lang='lat' dir='ltr'>lam</span> 
     </span>
     <span class='ocr_line' id='line_1_9' title="bbox 263 1441 1327 1525; baseline 0.004 -23"><span class='ocrx_word' id='word_1_54' title='bbox 263 1462 341 1504; x_wconf 91' lang='lat' dir='ltr'>rero</span> <span class='ocrx_word' id='word_1_55' title='bbox 370 1441 531 1506; x_wconf 83' lang='lat' dir='ltr'>inculcata</span> <span class='ocrx_word' id='word_1_56' title='bbox 562 1442 597 1505; x_wconf 81' lang='grc' dir='ltr'><strong><em>ἐν</em></strong></span> <span class='ocrx_word' id='word_1_57' title='bbox 625 1454 692 1516; x_wconf 84' lang='grc' dir='ltr'><strong><em>τοῖς</em></strong></span> <span class='ocrx_word' id='word_1_58' title='bbox 722 1447 969 1525; x_wconf 77' lang='grc' dir='ltr'><strong><em>προτειχίσμασι</em></strong></span> <span class='ocrx_word' id='word_1_59' title='bbox 991 1443 1126 1524; x_wconf 83' lang='lat' dir='ltr'>pessime</span> <span class='ocrx_word' id='word_1_60' title='bbox 1150 1443 1327 1525; x_wconf 81' lang='lat' dir='ltr'>sejungitur</span> 
     </span>
     <span class='ocr_line' id='line_1_10' title="bbox 264 1548 1326 1639; baseline 0.003 -23"><span class='ocrx_word' id='word_1_61' title='bbox 264 1557 336 1636; x_wconf 90' lang='grc' dir='ltr'><strong><em>τρία</em></strong></span> <span class='ocrx_word' id='word_1_62' title='bbox 363 1554 402 1616; x_wconf 91' lang='lat' dir='ltr'>ab</span> <span class='ocrx_word' id='word_1_63' title='bbox 430 1554 488 1633; x_wconf 89' lang='lat' dir='ltr'>eis,</span> <span class='ocrx_word' id='word_1_64' title='bbox 523 1573 603 1635; x_wconf 88' lang='lat' dir='ltr'>quae</span> <span class='ocrx_word' id='word_1_65' title='bbox 621 1548 719 1616; x_wconf 69' lang='lat' dir='ltr'>vsuam</span> <span class='ocrx_word' id='word_1_66' title='bbox 748 1554 994 1637; x_wconf 77' lang='lat' dir='ltr'>explicationem</span> <span class='ocrx_word' id='word_1_67' title='bbox 1018 1555 1184 1618; x_wconf 88' lang='lat' dir='ltr'>continent</span> <span class='ocrx_word' id='word_1_68' title='bbox 1207 1560 1243 1618; x_wconf 74' lang='grc' dir='ltr'><strong><em>ἓν</em></strong></span> <span class='ocrx_word' id='word_1_69' title='bbox 1264 1561 1326 1639; x_wconf 74' lang='grc' dir='ltr'>μὲν</span> 
     </span>
     <span class='ocr_line' id='line_1_11' title="bbox 264 1665 1325 1751; baseline 0.004 -25"><span class='ocrx_word' id='word_1_70' title='bbox 264 1667 329 1727; x_wconf 82' lang='grc' dir='ltr'><strong><em>τῶν</em></strong></span> <span class='ocrx_word' id='word_1_71' title='bbox 362 1668 581 1745; x_wconf 80' lang='grc' dir='ltr'><strong><em>Συρακοσίων.</em></strong></span> <span class='ocrx_word' id='word_1_72' title='bbox 633 1665 746 1748; x_wconf 88' lang='lat' dir='ltr'>Itaque</span> <span class='ocrx_word' id='word_1_73' title='bbox 778 1666 854 1730; x_wconf 92' lang='lat' dir='ltr'>mihi</span> <span class='ocrx_word' id='word_1_74' title='bbox 889 1671 938 1729; x_wconf 88' lang='lat' dir='ltr'>est</span> <span class='ocrx_word' id='word_1_75' title='bbox 970 1665 1142 1730; x_wconf 84' lang='lat' dir='ltr'>verisimile</span> <span class='ocrx_word' id='word_1_76' title='bbox 1169 1687 1209 1729; x_wconf 88' lang='lat' dir='ltr'>ex</span> <span class='ocrx_word' id='word_1_77' title='bbox 1235 1689 1325 1751; x_wconf 90' lang='lat' dir='ltr'>para·</span> 
     </span>
     <span class='ocr_line' id='line_1_12' title="bbox 264 1775 1323 1876; baseline 0.003 -39"><span class='ocrx_word' id='word_1_78' title='bbox 264 1775 385 1858; x_wconf 86' lang='lat' dir='ltr'>grapho</span> <span class='ocrx_word' id='word_1_79' title='bbox 403 1776 422 1838; x_wconf 91' lang='grc'>6</span> <span class='ocrx_word' id='word_1_80' title='bbox 439 1775 480 1838; x_wconf 89' lang='lat' dir='ltr'>ad</span> <span class='ocrx_word' id='word_1_81' title='bbox 496 1776 578 1839; x_wconf 90' lang='lat' dir='ltr'>hunc</span> <span class='ocrx_word' id='word_1_82' title='bbox 593 1775 699 1839; x_wconf 91' lang='lat' dir='ltr'>locum</span> <span class='ocrx_word' id='word_1_83' title='bbox 716 1775 751 1838; x_wconf 80' lang='grc' dir='ltr'><strong><em>ἓν</em></strong></span> <span class='ocrx_word' id='word_1_84' title='bbox 767 1780 1015 1858; x_wconf 77' lang='grc' dir='ltr'><strong><em>προτειχίσμασι</em></strong></span> <span class='ocrx_word' id='word_1_85' title='bbox 1034 1777 1227 1876; x_wconf 88' lang='lat' dir='ltr'>adscriptum</span> <span class='ocrx_word' id='word_1_86' title='bbox 1244 1798 1323 1858; x_wconf 87' lang='lat' dir='ltr'>esse.</span> 
     </span>
     <span class='ocr_line' id='line_1_13' title="bbox 370 1886 1325 1973; baseline 0.004 -25"><span class='ocrx_word' id='word_1_87' title='bbox 370 1887 436 1950; x_wconf 86' lang='lat' dir='ltr'>VII</span> <span class='ocrx_word' id='word_1_88' title='bbox 458 1887 551 1967; x_wconf 79' lang='lat'><strong>49,2</strong></span> <span class='ocrx_word' id='word_1_89' title='bbox 586 1886 621 1948; x_wconf 78' lang='grc' dir='ltr'><strong><em>ἓν</em></strong></span> <span class='ocrx_word' id='word_1_90' title='bbox 655 1890 865 1968; x_wconf 80' lang='grc' dir='ltr'><strong><em>στενοχωρίᾳ,</em></strong></span> <span class='ocrx_word' id='word_1_91' title='bbox 901 1889 919 1973; x_wconf 81' lang='grc' dir='ltr'><strong><em>ἣ</em></strong></span> <span class='ocrx_word' id='word_1_92' title='bbox 953 1887 1037 1972; x_wconf 86' lang='grc' dir='ltr'><strong><em>πρὸς</em></strong></span> <span class='ocrx_word' id='word_1_93' title='bbox 1064 1891 1128 1952; x_wconf 80' lang='grc' dir='ltr'><strong><em>τῶν</em></strong></span> <span class='ocrx_word' id='word_1_94' title='bbox 1158 1888 1325 1972; x_wconf 77' lang='grc' dir='ltr'><strong><em>πολεμίων</em></strong></span> 
     </span>
     <span class='ocr_line' id='line_1_14' title="bbox 263 1997 1325 2085; baseline 0.003 -24"><span class='ocrx_word' id='word_1_95' title='bbox 263 1997 392 2082; x_wconf 78' lang='grc' dir='ltr'><strong><em>μᾶλλόν</em></strong></span> <span class='ocrx_word' id='word_1_96' title='bbox 421 1998 484 2062; x_wconf 77' lang='grc' dir='ltr'><strong><em>ἐστι</em></strong></span> <span class='ocrx_word' id='word_1_97' title='bbox 513 1997 637 2080; x_wconf 73' lang='grc' dir='ltr'><strong><em>(όίςπερ</em></strong></span> <span class='ocrx_word' id='word_1_98' title='bbox 664 2001 724 2062; x_wconf 82' lang='grc' dir='ltr'>νῦν</span> <span class='ocrx_word' id='word_1_99' title='bbox 746 1999 836 2081; x_wconf 77' lang='lat' dir='ltr'>vat.)</span> <span class='ocrx_word' id='word_1_100' title='bbox 864 1997 938 2074; x_wconf 80' lang='grc' dir='ltr'><strong><em>τοὺς</em></strong></span> <span class='ocrx_word' id='word_1_101' title='bbox 965 1999 1100 2080; x_wconf 76' lang='grc' dir='ltr'><strong><em>οἰχῶνας</em></strong></span> <span class='ocrx_word' id='word_1_102' title='bbox 1123 2001 1325 2085; x_wconf 80' lang='grc' dir='ltr'><strong><em>ποιήσονται.</em></strong></span> 
     </span>
     <span class='ocr_line' id='line_1_15' title="bbox 265 2094 1326 2194; baseline 0.001 -21"><span class='ocrx_word' id='word_1_103' title='bbox 265 2110 409 2173; x_wconf 88' lang='lat' dir='ltr'>Inanitas</span> <span class='ocrx_word' id='word_1_104' title='bbox 430 2107 522 2190; x_wconf 89' lang='lat' dir='ltr'>hujus</span> <span class='ocrx_word' id='word_1_105' title='bbox 546 2094 758 2174; x_wconf 86' lang='lat' dir='ltr'>additamenti</span> <span class='ocrx_word' id='word_1_106' title='bbox 780 2110 899 2174; x_wconf 88' lang='lat' dir='ltr'>indicio</span> <span class='ocrx_word' id='word_1_107' title='bbox 917 2117 1005 2178; x_wconf 88' lang='lat' dir='ltr'>certo</span> <span class='ocrx_word' id='word_1_108' title='bbox 1022 2118 1071 2174; x_wconf 86' lang='lat' dir='ltr'>est</span> <span class='ocrx_word' id='word_1_109' title='bbox 1086 2113 1326 2194; x_wconf 90' lang='lat' dir='ltr'>grammaticum</span> 
     </span>
     <span class='ocr_line' id='line_1_16' title="bbox 266 2219 1327 2304; baseline 0.001 -21"><span class='ocrx_word' id='word_1_110' title='bbox 266 2221 339 2284; x_wconf 88' lang='lat' dir='ltr'>huic</span> <span class='ocrx_word' id='word_1_111' title='bbox 369 2219 441 2283; x_wconf 93' lang='lat' dir='ltr'>loco</span> <span class='ocrx_word' id='word_1_112' title='bbox 470 2241 596 2284; x_wconf 88' lang='lat' dir='ltr'>manum</span> <span class='ocrx_word' id='word_1_113' title='bbox 623 2221 815 2302; x_wconf 86' lang='lat' dir='ltr'>admovisse,</span> <span class='ocrx_word' id='word_1_114' title='bbox 843 2228 879 2284; x_wconf 91' lang='lat' dir='ltr'>ut</span> <span class='ocrx_word' id='word_1_115' title='bbox 902 2242 947 2302; x_wconf 83' lang='lat' dir='ltr'>ea,</span> <span class='ocrx_word' id='word_1_116' title='bbox 975 2242 1056 2304; x_wconf 89' lang='lat' dir='ltr'>quae</span> <span class='ocrx_word' id='word_1_117' title='bbox 1079 2224 1226 2286; x_wconf 86' lang='lat' dir='ltr'>universe</span> <span class='ocrx_word' id='word_1_118' title='bbox 1249 2223 1327 2286; x_wconf 88' lang='lat' dir='ltr'>dicit</span> 
     </span>
     <span class='ocr_line' id='line_1_17' title="bbox 266 2331 1200 2415; baseline 0 -20"><span class='ocrx_word' id='word_1_119' title='bbox 266 2331 505 2414; x_wconf 87' lang='lat' dir='ltr'>Demosthenes,</span> <span class='ocrx_word' id='word_1_120' title='bbox 528 2332 569 2394; x_wconf 92' lang='lat' dir='ltr'>ad</span> <span class='ocrx_word' id='word_1_121' title='bbox 590 2338 793 2415; x_wconf 88' lang='lat' dir='ltr'>praesentem</span> <span class='ocrx_word' id='word_1_122' title='bbox 816 2333 1034 2396; x_wconf 90' lang='lat' dir='ltr'>conditionem</span> <span class='ocrx_word' id='word_1_123' title='bbox 1054 2333 1200 2397; x_wconf 85' lang='lat' dir='ltr'>referret.</span> 
     </span>
    </p>
   </div>
   <div class='ocr_carea' id='block_1_3' title="bbox 371 2439 1327 2528">
    <p class='ocr_par' dir='ltr' id='par_1_3' title="bbox 371 2439 1327 2528">
     <span class='ocr_line' id='line_1_18' title="bbox 371 2439 1327 2528; baseline 0.004 -24"><span class='ocrx_word' id='word_1_124' title='bbox 371 2442 510 2524; x_wconf 84' lang='lat' dir='ltr'><strong>V1159,</strong></span> <span class='ocrx_word' id='word_1_125' title='bbox 534 2445 554 2506; x_wconf 79' lang='lat'><strong>2</strong></span> <span class='ocrx_word' id='word_1_126' title='bbox 583 2449 616 2508; x_wconf 82' lang='grc' dir='ltr'>οἵ</span> <span class='ocrx_word' id='word_1_127' title='bbox 644 2468 676 2506; x_wconf 87' lang='grc' dir='ltr'>τε</span> <span class='ocrx_word' id='word_1_128' title='bbox 705 2439 765 2505; x_wconf 84' lang='grc' dir='ltr'><strong><em>οὖν</em></strong></span> <span class='ocrx_word' id='word_1_129' title='bbox 793 2445 990 2522; x_wconf 81' lang='grc' dir='ltr'><strong><em>Συρακόσιοι</em></strong></span> <span class='ocrx_word' id='word_1_130' title='bbox 1018 2446 1147 2519; x_wconf 75' lang='grc' dir='ltr'><strong><em>εἰκότως</em></strong></span> <span class='ocrx_word' id='word_1_131' title='bbox 1170 2445 1327 2528; x_wconf 74' lang='grc' dir='ltr'><strong><em>ἐνόμισαν</em></strong></span> 
     </span>
    </p>
   </div>
   <div class='ocr_carea' id='block_1_4' title="bbox 263 2552 1327 4197">
    <p class='ocr_par' dir='ltr' id='par_1_4' title="bbox 263 2552 1327 4197">
     <span class='ocr_line' id='line_1_19' title="bbox 266 2552 1326 2640; baseline 0.002 -24"><span class='ocrx_word' id='word_1_132' title='bbox 266 2553 368 2618; x_wconf 80' lang='grc' dir='ltr'><strong><em>καλὸν</em></strong></span> <span class='ocrx_word' id='word_1_133' title='bbox 390 2552 562 2637; x_wconf 73' lang='grc' dir='ltr'><strong><em>ἀγώνισμα</em></strong></span> <span class='ocrx_word' id='word_1_134' title='bbox 585 2555 684 2628; x_wconf 81' lang='grc' dir='ltr'><strong><em>εἶναι,</em></strong></span> <span class='ocrx_word' id='word_1_135' title='bbox 709 2555 785 2616; x_wconf 79' lang='lat' dir='ltr'>Vat.</span> <span class='ocrx_word' id='word_1_136' title='bbox 810 2559 843 2617; x_wconf 81' lang='grc' dir='ltr'>οἵ</span> <span class='ocrx_word' id='word_1_137' title='bbox 864 2577 897 2616; x_wconf 81' lang='grc' dir='ltr'>σε</span> <span class='ocrx_word' id='word_1_138' title='bbox 920 2553 979 2619; x_wconf 86' lang='grc' dir='ltr'><strong><em>οὗν</em></strong></span> <span class='ocrx_word' id='word_1_139' title='bbox 1001 2557 1196 2640; x_wconf 83' lang='grc' dir='ltr'><strong><em>Συρακόσιοι</em></strong></span> <span class='ocrx_word' id='word_1_140' title='bbox 1218 2561 1272 2619; x_wconf 77' lang='grc' dir='ltr'><strong><em>καὶ</em></strong></span> <span class='ocrx_word' id='word_1_141' title='bbox 1294 2553 1326 2620; x_wconf 76' lang='grc' dir='ltr'>οἱ</span> 
     </span>
     <span class='ocr_line' id='line_1_20' title="bbox 267 2664 1327 2750; baseline 0 -22"><span class='ocrx_word' id='word_1_142' title='bbox 267 2664 438 2749; x_wconf 85' lang='grc' dir='ltr'><strong><em>ξύμμαχοι.</em></strong></span> <span class='ocrx_word' id='word_1_143' title='bbox 489 2665 557 2728; x_wconf 92' lang='lat' dir='ltr'>Iam</span> <span class='ocrx_word' id='word_1_144' title='bbox 591 2667 783 2730; x_wconf 82' lang='lat' dir='ltr'>vetustiores</span> <span class='ocrx_word' id='word_1_145' title='bbox 816 2666 1009 2750; x_wconf 80' lang='lat' dir='ltr'>interpretes</span> <span class='ocrx_word' id='word_1_146' title='bbox 1041 2674 1240 2748; x_wconf 87' lang='lat' dir='ltr'>negaverunt</span> <span class='ocrx_word' id='word_1_147' title='bbox 1272 2670 1327 2730; x_wconf 80' lang='grc' dir='ltr'><strong><em>καὶ</em></strong></span> 
     </span>
     <span class='ocr_line' id='line_1_21' title="bbox 266 2774 1326 2862; baseline -0.001 -21"><span class='ocrx_word' id='word_1_148' title='bbox 266 2774 298 2841; x_wconf 78' lang='grc' dir='ltr'>οἱ</span> <span class='ocrx_word' id='word_1_149' title='bbox 322 2779 485 2861; x_wconf 87' lang='grc' dir='ltr'><strong><em>ξύμμαχοι</em></strong></span> <span class='ocrx_word' id='word_1_150' title='bbox 508 2777 686 2860; x_wconf 88' lang='lat' dir='ltr'>profectum</span> <span class='ocrx_word' id='word_1_151' title='bbox 714 2797 782 2840; x_wconf 86' lang='lat' dir='ltr'>esse</span> <span class='ocrx_word' id='word_1_152' title='bbox 805 2798 824 2838; x_wconf 91' lang='lat' dir='ltr'>a</span> <span class='ocrx_word' id='word_1_153' title='bbox 847 2777 1041 2862; x_wconf 78' lang='lat' dir='ltr'>Thucydide,</span> <span class='ocrx_word' id='word_1_154' title='bbox 1069 2779 1143 2861; x_wconf 86' lang='lat' dir='ltr'>quia</span> <span class='ocrx_word' id='word_1_155' title='bbox 1165 2799 1229 2842; x_wconf 94' lang='lat' dir='ltr'>non</span> <span class='ocrx_word' id='word_1_156' title='bbox 1251 2778 1326 2859; x_wconf 88' lang='lat' dir='ltr'>legi-</span> 
     </span>
     <span class='ocr_line' id='line_1_22' title="bbox 263 2888 1326 2973; baseline -0.003 -19"><span class='ocrx_word' id='word_1_157' title='bbox 263 2896 316 2954; x_wconf 83' lang='lat' dir='ltr'>tur</span> <span class='ocrx_word' id='word_1_158' title='bbox 345 2889 406 2952; x_wconf 93' lang='lat' dir='ltr'>hoc</span> <span class='ocrx_word' id='word_1_159' title='bbox 428 2889 682 2952; x_wconf 89' lang='lat' dir='ltr'>additamentum</span> <span class='ocrx_word' id='word_1_160' title='bbox 705 2909 774 2972; x_wconf 89' lang='lat' dir='ltr'>cap.</span> <span class='ocrx_word' id='word_1_161' title='bbox 799 2888 849 2969; x_wconf 81' lang='lat'>56,</span> <span class='ocrx_word' id='word_1_162' title='bbox 875 2889 890 2951; x_wconf 86' lang='lat' dir='ltr'>l</span> <span class='ocrx_word' id='word_1_163' title='bbox 919 2889 1007 2972; x_wconf 88' lang='lat' dir='ltr'>cujus</span> <span class='ocrx_word' id='word_1_164' title='bbox 1030 2891 1143 2973; x_wconf 88' lang='lat' dir='ltr'>capitis</span> <span class='ocrx_word' id='word_1_165' title='bbox 1167 2889 1326 2953; x_wconf 85' lang='lat' dir='ltr'>sententia</span> 
     </span>
     <span class='ocr_line' id='line_1_23' title="bbox 266 2987 1326 3083; baseline 0 -21"><span class='ocrx_word' id='word_1_166' title='bbox 266 3007 337 3062; x_wconf 91' lang='lat' dir='ltr'>tota</span> <span class='ocrx_word' id='word_1_167' title='bbox 359 3000 419 3062; x_wconf 92' lang='lat' dir='ltr'>hoc</span> <span class='ocrx_word' id='word_1_168' title='bbox 441 3000 513 3062; x_wconf 94' lang='lat' dir='ltr'>loco</span> <span class='ocrx_word' id='word_1_169' title='bbox 530 3001 675 3063; x_wconf 89' lang='lat' dir='ltr'>iteratur.</span> <span class='ocrx_word' id='word_1_170' title='bbox 713 3000 777 3063; x_wconf 83' lang='lat' dir='ltr'>Sed</span> <span class='ocrx_word' id='word_1_171' title='bbox 793 2999 966 3079; x_wconf 88' lang='lat' dir='ltr'>Haackius,</span> <span class='ocrx_word' id='word_1_172' title='bbox 987 2987 1026 3062; x_wconf 88' lang='lat' dir='ltr'>he</span> <span class='ocrx_word' id='word_1_173' title='bbox 1043 3005 1096 3062; x_wconf 85' lang='grc' dir='ltr'><strong><em>καὶ</em></strong></span> <span class='ocrx_word' id='word_1_174' title='bbox 1112 2998 1143 3063; x_wconf 79' lang='grc' dir='ltr'>οὶ</span> <span class='ocrx_word' id='word_1_175' title='bbox 1161 3001 1326 3083; x_wconf 81' lang='grc' dir='ltr'><strong><em>ξύμμαχοι</em></strong></span> 
     </span>
     <span class='ocr_line' id='line_1_24' title="bbox 267 3111 1325 3194; baseline 0 -22"><span class='ocrx_word' id='word_1_176' title='bbox 267 3111 382 3190; x_wconf 77' lang='lat' dir='ltr'>delean,</span> <span class='ocrx_word' id='word_1_177' title='bbox 406 3117 515 3174; x_wconf 89' lang='lat' dir='ltr'>monet</span> <span class='ocrx_word' id='word_1_178' title='bbox 539 3116 570 3174; x_wconf 75' lang='grc' dir='ltr'><strong>τέ</strong></span> <span class='ocrx_word' id='word_1_179' title='bbox 592 3112 782 3194; x_wconf 90' lang='lat' dir='ltr'>particulam</span> <span class='ocrx_word' id='word_1_180' title='bbox 803 3111 948 3193; x_wconf 83' lang='lat' dir='ltr'>indigere</span> <span class='ocrx_word' id='word_1_181' title='bbox 972 3111 1074 3174; x_wconf 88' lang='lat' dir='ltr'>altero</span> <span class='ocrx_word' id='word_1_182' title='bbox 1102 3112 1253 3192; x_wconf 85' lang='lat' dir='ltr'>membro,</span> <span class='ocrx_word' id='word_1_183' title='bbox 1276 3111 1325 3173; x_wconf 91' lang='lat' dir='ltr'>cui</span> 
     </span>
     <span class='ocr_line' id='line_1_25' title="bbox 265 3222 1326 3304; baseline -0.001 -20"><span class='ocrx_word' id='word_1_184' title='bbox 265 3222 472 3304; x_wconf 84' lang='lat' dir='ltr'>respondeat;</span> <span class='ocrx_word' id='word_1_185' title='bbox 506 3223 592 3304; x_wconf 91' lang='lat' dir='ltr'>quod</span> <span class='ocrx_word' id='word_1_186' title='bbox 619 3223 745 3304; x_wconf 90' lang='lat' dir='ltr'>quidem</span> <span class='ocrx_word' id='word_1_187' title='bbox 773 3222 868 3285; x_wconf 86' lang='lat' dir='ltr'>hodie</span> <span class='ocrx_word' id='word_1_188' title='bbox 895 3244 960 3286; x_wconf 92' lang='lat' dir='ltr'>non</span> <span class='ocrx_word' id='word_1_189' title='bbox 989 3223 1086 3286; x_wconf 89' lang='lat' dir='ltr'>debet</span> <span class='ocrx_word' id='word_1_190' title='bbox 1113 3222 1222 3304; x_wconf 85' lang='lat' dir='ltr'>objici,</span> <span class='ocrx_word' id='word_1_191' title='bbox 1256 3241 1326 3284; x_wconf 92' lang='lat' dir='ltr'>cum</span> 
     </span>
     <span class='ocr_line' id='line_1_26' title="bbox 266 3331 1327 3418; baseline 0.001 -23"><span class='ocrx_word' id='word_1_192' title='bbox 266 3353 306 3395; x_wconf 89' lang='lat' dir='ltr'>ne</span> <span class='ocrx_word' id='word_1_193' title='bbox 339 3333 464 3416; x_wconf 88' lang='lat' dir='ltr'>possint</span> <span class='ocrx_word' id='word_1_194' title='bbox 497 3332 623 3414; x_wconf 89' lang='lat' dir='ltr'>quidem</span> <span class='ocrx_word' id='word_1_195' title='bbox 658 3331 689 3396; x_wconf 80' lang='grc' dir='ltr'>οἱ</span> <span class='ocrx_word' id='word_1_196' title='bbox 720 3335 914 3416; x_wconf 80' lang='grc' dir='ltr'><strong><em>Συρακόσιοι</em></strong></span> <span class='ocrx_word' id='word_1_197' title='bbox 943 3340 976 3396; x_wconf 90' lang='lat' dir='ltr'>et</span> <span class='ocrx_word' id='word_1_198' title='bbox 1003 3331 1035 3398; x_wconf 76' lang='lat' dir='ltr'>ol</span> <span class='ocrx_word' id='word_1_199' title='bbox 1070 3335 1235 3418; x_wconf 79' lang='grc' dir='ltr'><strong><em>ξύμμαχοι</em></strong></span> <span class='ocrx_word' id='word_1_200' title='bbox 1268 3354 1327 3417; x_wconf 87' lang='lat' dir='ltr'>per</span> 
     </span>
     <span class='ocr_line' id='line_1_27' title="bbox 266 3443 1326 3528; baseline 0.001 -22"><span class='ocrx_word' id='word_1_201' title='bbox 266 3444 439 3528; x_wconf 90' lang='lat' dir='ltr'>particulas</span> <span class='ocrx_word' id='word_1_202' title='bbox 472 3448 505 3506; x_wconf 73' lang='grc' dir='ltr'><strong>τέ</strong></span> <span class='ocrx_word' id='word_1_203' title='bbox 535 3481 574 3490; x_wconf 93' lang='lat'>-</span> <span class='ocrx_word' id='word_1_204' title='bbox 603 3447 657 3506; x_wconf 88' lang='grc' dir='ltr'><strong><em>καί</em></strong></span> <span class='ocrx_word' id='word_1_205' title='bbox 691 3443 845 3526; x_wconf 87' lang='lat' dir='ltr'>copulari,</span> <span class='ocrx_word' id='word_1_206' title='bbox 879 3466 941 3526; x_wconf 91' lang='lat' dir='ltr'>qua</span> <span class='ocrx_word' id='word_1_207' title='bbox 970 3445 1173 3528; x_wconf 87' lang='lat' dir='ltr'>copulatione</span> <span class='ocrx_word' id='word_1_208' title='bbox 1204 3447 1230 3508; x_wconf 90' lang='lat' dir='ltr'>si</span> <span class='ocrx_word' id='word_1_209' title='bbox 1253 3465 1326 3508; x_wconf 92' lang='lat' dir='ltr'>usus</span> 
     </span>
     <span class='ocr_line' id='line_1_28' title="bbox 266 3543 1325 3640; baseline -0.002 -21"><span class='ocrx_word' id='word_1_210' title='bbox 266 3562 359 3638; x_wconf 79' lang='lat' dir='ltr'>esset,</span> <span class='ocrx_word' id='word_1_211' title='bbox 382 3554 584 3636; x_wconf 89' lang='lat' dir='ltr'>Thucydides</span> <span class='ocrx_word' id='word_1_212' title='bbox 611 3555 719 3638; x_wconf 89' lang='lat' dir='ltr'>inepte</span> <span class='ocrx_word' id='word_1_213' title='bbox 752 3554 874 3618; x_wconf 89' lang='lat' dir='ltr'>diceret</span> <span class='ocrx_word' id='word_1_214' title='bbox 902 3578 986 3638; x_wconf 83' lang='lat' dir='ltr'>„non</span> <span class='ocrx_word' id='word_1_215' title='bbox 1014 3557 1108 3620; x_wconf 92' lang='lat' dir='ltr'>modo</span> <span class='ocrx_word' id='word_1_216' title='bbox 1138 3543 1325 3640; x_wconf 81' lang='lat' dir='ltr'>Syracusani</span> 
     </span>
     <span class='ocr_line' id='line_1_29' title="bbox 266 3666 1326 3732; baseline 0.001 -3"><span class='ocrx_word' id='word_1_217' title='bbox 266 3667 441 3730; x_wconf 89' lang='lat' dir='ltr'>sedetiam</span> <span class='ocrx_word' id='word_1_218' title='bbox 464 3667 571 3730; x_wconf 86' lang='lat' dir='ltr'>socii.“</span> <span class='ocrx_word' id='word_1_219' title='bbox 604 3666 705 3730; x_wconf 88' lang='lat' dir='ltr'>Immo</span> <span class='ocrx_word' id='word_1_220' title='bbox 728 3687 808 3730; x_wconf 85' lang='lat' dir='ltr'>uoce</span> <span class='ocrx_word' id='word_1_221' title='bbox 831 3673 863 3730; x_wconf 76' lang='grc' dir='ltr'><em>τὲ</em></span> <span class='ocrx_word' id='word_1_222' title='bbox 880 3674 983 3731; x_wconf 90' lang='lat' dir='ltr'>totum</span> <span class='ocrx_word' id='word_1_223' title='bbox 999 3669 1200 3732; x_wconf 89' lang='lat' dir='ltr'>enunciatum</span> <span class='ocrx_word' id='word_1_224' title='bbox 1215 3688 1326 3730; x_wconf 90' lang='lat' dir='ltr'>annec-</span> 
     </span>
     <span class='ocr_line' id='line_1_30' title="bbox 266 3775 1326 3861; baseline 0 -21"><span class='ocrx_word' id='word_1_225' title='bbox 266 3778 358 3856; x_wconf 85' lang='lat' dir='ltr'>titur,</span> <span class='ocrx_word' id='word_1_226' title='bbox 391 3798 453 3859; x_wconf 92' lang='lat' dir='ltr'>qua</span> <span class='ocrx_word' id='word_1_227' title='bbox 474 3799 509 3841; x_wconf 92' lang='lat' dir='ltr'>re</span> <span class='ocrx_word' id='word_1_228' title='bbox 532 3798 596 3840; x_wconf 94' lang='lat' dir='ltr'>non</span> <span class='ocrx_word' id='word_1_229' title='bbox 618 3785 788 3861; x_wconf 86' lang='lat' dir='ltr'>perspecta</span> <span class='ocrx_word' id='word_1_230' title='bbox 820 3781 1045 3860; x_wconf 87' lang='lat' dir='ltr'>grammaticus</span> <span class='ocrx_word' id='word_1_231' title='bbox 1068 3779 1191 3842; x_wconf 87' lang='lat' dir='ltr'>addidit</span> <span class='ocrx_word' id='word_1_232' title='bbox 1219 3784 1272 3840; x_wconf 83' lang='grc' dir='ltr'><strong><em>καὶ</em></strong></span> <span class='ocrx_word' id='word_1_233' title='bbox 1295 3775 1326 3842; x_wconf 78' lang='grc' dir='ltr'>οἱ</span> 
     </span>
     <span class='ocr_line' id='line_1_31' title="bbox 268 3889 1327 3974; baseline -0.001 -22"><span class='ocrx_word' id='word_1_234' title='bbox 268 3890 432 3971; x_wconf 77' lang='grc' dir='ltr'><strong><em>ξύμμαχοι</em></strong></span> <span class='ocrx_word' id='word_1_235' title='bbox 468 3889 581 3951; x_wconf 88' lang='lat' dir='ltr'>eodem</span> <span class='ocrx_word' id='word_1_236' title='bbox 615 3909 724 3952; x_wconf 88' lang='lat' dir='ltr'>errore</span> <span class='ocrx_word' id='word_1_237' title='bbox 759 3897 942 3972; x_wconf 88' lang='lat' dir='ltr'>occupatus,</span> <span class='ocrx_word' id='word_1_238' title='bbox 980 3912 1042 3974; x_wconf 91' lang='lat' dir='ltr'>quo</span> <span class='ocrx_word' id='word_1_239' title='bbox 1076 3890 1253 3970; x_wconf 84' lang='lat' dir='ltr'>Haackius,</span> <span class='ocrx_word' id='word_1_240' title='bbox 1291 3897 1327 3951; x_wconf 90' lang='lat' dir='ltr'>ut</span> 
     </span>
     <span class='ocr_line' id='line_1_32' title="bbox 265 4000 1326 4086; baseline 0 -24"><span class='ocrx_word' id='word_1_241' title='bbox 265 4007 396 4083; x_wconf 86' lang='lat' dir='ltr'>putaret</span> <span class='ocrx_word' id='word_1_242' title='bbox 427 4019 521 4083; x_wconf 89' lang='lat' dir='ltr'>posse</span> <span class='ocrx_word' id='word_1_243' title='bbox 555 4020 613 4084; x_wconf 89' lang='lat' dir='ltr'>per</span> <span class='ocrx_word' id='word_1_244' title='bbox 643 4000 730 4082; x_wconf 87' lang='lat' dir='ltr'>leges</span> <span class='ocrx_word' id='word_1_245' title='bbox 759 4002 914 4064; x_wconf 89' lang='lat' dir='ltr'>sermonis</span> <span class='ocrx_word' id='word_1_246' title='bbox 937 4009 969 4066; x_wconf 93' lang='grc' dir='ltr'>οί</span> <span class='ocrx_word' id='word_1_247' title='bbox 1001 4026 1033 4065; x_wconf 88' lang='grc' dir='ltr'>τε</span> <span class='ocrx_word' id='word_1_248' title='bbox 1068 4003 1261 4086; x_wconf 88' lang='grc' dir='ltr'><strong><em>Συρακόσιοι</em></strong></span> <span class='ocrx_word' id='word_1_249' title='bbox 1285 4001 1326 4063; x_wconf 90' lang='lat' dir='ltr'>ad</span> 
     </span>
     <span class='ocr_line' id='line_1_33' title="bbox 266 4109 1326 4197; baseline -0.005 -17"><span class='ocrx_word' id='word_1_250' title='bbox 266 4116 319 4180; x_wconf 79' lang='grc' dir='ltr'><strong><em>καὶ</em></strong></span> <span class='ocrx_word' id='word_1_251' title='bbox 355 4109 386 4176; x_wconf 74' lang='grc' dir='ltr'>οἳ</span> <span class='ocrx_word' id='word_1_252' title='bbox 423 4113 585 4197; x_wconf 85' lang='grc' dir='ltr'><strong><em>ξύμμαχοι</em></strong></span> <span class='ocrx_word' id='word_1_253' title='bbox 615 4119 770 4196; x_wconf 87' lang='lat' dir='ltr'>spectare.</span> <span class='ocrx_word' id='word_1_254' title='bbox 806 4113 939 4177; x_wconf 89' lang='lat' dir='ltr'>Minoris</span> <span class='ocrx_word' id='word_1_255' title='bbox 967 4120 1071 4177; x_wconf 86' lang='lat' dir='ltr'>autem</span> <span class='ocrx_word' id='word_1_256' title='bbox 1095 4114 1246 4178; x_wconf 89' lang='lat' dir='ltr'>momenti</span> <span class='ocrx_word' id='word_1_257' title='bbox 1268 4120 1326 4194; x_wconf 78' lang='lat' dir='ltr'>est,</span> 
     </span>
    </p>
   </div>
   <div class='ocr_carea' id='block_1_5' title="bbox 0 0 1527 4756">
    <p class='ocr_par' dir='ltr' id='par_1_5' title="bbox 0 0 1527 4756">
     <span class='ocr_line' id='line_1_34' title="bbox 0 0 1527 4756; baseline 0 0"><span class='ocrx_word' id='word_1_258' title='bbox 0 0 1527 4756; x_wconf 95' lang='lat' dir='ltr'> </span> 
     </span>
    </p>
   </div>
  </div>
 </body>
</html>
