3038 4760
638 517 809 578 „ql-

297 703 409 788 Neque
442 711 578 788 propter
610 703 850 786 grammaticam
882 709 1006 768 tantum
1034 702 1254 767 difficultatem

191 815 340 878 videntur
374 816 406 878 in
428 816 623 879 Vaticanum
655 817 944 900 interpretamenta
966 811 1254 897 immiguaesq‘sed
1309 791 1311 812 ¹
1363 857 1365 868 ι

192 947 287 1010 saepe
311 929 442 991 verbum
465 927 596 1010 aliquod
620 935 655 990 ut
677 928 779 1012 magis
799 927 997 991 definiretur.
1390 919 1394 926 ’

297 1036 427 1102 Nemini
456 1039 489 1102 in
516 1046 654 1102 mentem
681 1039 790 1102 veniat
817 1059 857 1102 ex
883 1039 1043 1103 Vaticano
1070 1037 1120 1100 VI
1148 1038 1202 1118 99,
1235 1037 1257 1100 4
1355 1071 1357 1082 ι

191 1150 335 1232 recipere
361 1147 400 1212 τὰ
429 1149 597 1235 ἐπιτήδεια
625 1153 744 1224 σιτία,
772 1151 858 1232 quod
885 1150 1118 1214 substantivum
1146 1149 1187 1211 ad
1214 1147 1253 1211 τὰ

192 1259 362 1346 ἐπιτήδεια
386 1281 511 1342 semper
533 1261 617 1324 solet
637 1261 792 1342 intellegi,
815 1281 970 1343 nusquam
993 1259 1099 1343 adjici.
1144 1260 1256 1324 Potuit

192 1351 269 1436 saie
291 1373 358 1436 vu
383 1373 421 1436 n
451 1372 653 1455 Thucydides
681 1380 714 1436 et
742 1369 883 1436 cuma
913 1371 998 1434 aaa
1020 1378 1054 1435 et
1076 1374 1161 1435 aaa
1183 1373 1256 1435 sau-
1316 1419 1317 1424 1

192 1485 277 1564 berc,
304 1485 361 1547 sed
387 1483 462 1566 quia
488 1485 603 1548 ceteris
626 1485 789 1548 codicibus
813 1483 954 1547 δυνατόν
977 1483 1076 1564 abest,
1102 1484 1256 1580 interpre-

192 1600 368 1659 tamentum
389 1596 564 1678 putandum
588 1603 645 1658 est.
1128 1658 1130 1662 ,

298 1707 365 1769 VII
387 1707 415 1786 3,
431 1706 452 1770 5
468 1707 563 1788 Vulg.
588 1713 642 1770 καὶ
663 1708 789 1794 τριήρης
811 1709 846 1798 τῇ
869 1705 948 1798 αὐτῇ
971 1703 1074 1789 ἡμέρᾳ
1091 1702 1256 1769 ἁλίσκεται

193 1817 257 1878 τῶν
274 1813 464 1902 Ἀθηναίων
486 1815 550 1881 ὑπὸ
567 1820 632 1882 τῶν
647 1822 856 1904 Συρακοσίων
871 1819 1062 1902 ἐφορμοῦσα
1077 1817 1120 1901 τῷ
1137 1813 1253 1898 λιμένι,

193 1925 269 1992 Vah.
292 1930 334 2014 τῷ
358 1927 489 2015 μεγάλῳ
511 1927 629 2014 λιμένι.
676 1928 811 2013 Saepius
834 1929 913 1992 dicit
934 1926 1137 2011 Thucydides
1160 1924 1255 2006 majo·

193 2059 260 2102 rem
292 2047 420 2122 portum
443 2037 460 2104 ὁ
483 2040 580 2125 λιμήν
601 2061 667 2103 non
696 2041 807 2106 addito
836 2041 996 2123 adjectivo
1024 2041 1139 2122 μέγας,
1174 2057 1255 2119 quae

105 2203 107 2208 .
194 2151 321 2233 quidem
344 2151 489 2234 exempla
510 2172 574 2215 non
589 2173 720 2235 prorsus
743 2160 816 2216 sunt
831 2151 973 2234 ejusdem
988 2149 1124 2231 generis.
1161 2149 1256 2212 Locis
1308 2225 1310 2235 ,

194 2263 321 2345 quidem
343 2263 410 2326 VH
433 2263 483 2326 70.
511 2263 578 2325 VII
602 2263 653 2328 56.
687 2264 754 2327 VII
776 2264 817 2327 69
841 2284 881 2328 ex
904 2263 958 2343 cis,
981 2281 1063 2345 quae
1085 2266 1256 2324 narrantur

192 2373 296 2457 primo
319 2381 451 2457 aspectu
474 2381 616 2458 apparet,
639 2381 711 2438 uter
732 2381 845 2458 portus
860 2374 1079 2455 intellegatur.
1118 2372 1256 2455 Propius

195 2485 236 2548 ad
262 2492 405 2549 nostrum
431 2485 536 2550 locum
562 2485 688 2550 accedit
709 2485 784 2572 VII
799 2485 849 2565 25,
872 2485 900 2566 5,
929 2505 991 2568 quo
1017 2484 1090 2547 loco
1119 2489 1153 2546 et
1175 2483 1256 2546 Krit-

196 2617 289 2678 gerus
311 2603 344 2661 et
358 2597 473 2680 Poppo
497 2598 625 2662 disertis
647 2599 754 2661 verbis
778 2605 909 2660 monent
931 2596 1085 2678 majorem
1108 2596 1171 2658 dici
1185 2615 1256 2679 por-

196 2715 273 2788 tum,
306 2730 346 2772 ne
381 2710 450 2792 quis
482 2729 541 2792 per
573 2730 712 2774 errorem
749 2711 903 2772 minorem
937 2708 1116 2790 intellegat.
1171 2707 1256 2770 Hinc

161 2811 166 2819 ’
195 2828 301 2884 autem
323 2821 398 2902 quia
420 2822 623 2902 cognoscitur
636 2821 855 2904 Thucydidem
877 2841 941 2884 nou
963 2821 1082 2883 vitasse
1106 2819 1257 2901 ambigui·

194 2938 294 2994 tatem
316 2932 349 2993 in
371 2932 580 3014 significando
603 2933 723 3016 majore
746 2940 850 3016 portu,
880 2951 920 2994 nc
943 2931 1010 2994 Vll
1033 2931 1061 3011 3,
1087 2930 1107 2994 5
1129 2927 1274 3012 quidem

196 3051 244 3107 est
267 3063 346 3127 opus
369 3036 588 3108 additamento
621 3045 752 3132 μεγάλῳ
779 3045 867 3128 cujus
901 3043 1056 3125 originem
1080 3043 1255 3126 repetimus

195 3157 235 3218 ab
273 3156 445 3218 scholiasta
481 3177 551 3219 cum
588 3156 629 3218 ad
665 3157 748 3220 huno
784 3157 889 3220 locum
925 3153 1047 3218 scholia
1082 3153 1258 3218 exhibeant.

194 3252 337 3352 μεγαλῳ.

301 3377 368 3440 VH
389 3377 439 3458 43,
462 3377 482 3440 3
505 3377 681 3441 Vaticanus
704 3378 876 3440 haberant
898 3377 1022 3460 ἄνδρας
1053 3375 1167 3452 τινὰς
1193 3379 1257 3441 τῶν

196 3489 353 3574 φυλάκων
393 3487 637 3564 ἀποκτείνουσι,
681 3509 776 3571 quom
813 3496 920 3552 tamen
959 3489 1067 3554 multis
1103 3489 1257 3573 exemplis
1334 3473 1340 3487 ⁶

197 3601 243 3684 (ll
266 3602 316 3682 99,
339 3599 369 3664 5.
403 3601 435 3664 V
460 3599 530 3681 115,
551 3601 581 3663 4.
619 3601 669 3663 VI
691 3599 741 3680 33,
765 3601 794 3664 3.
832 3601 917 3662 VIII
941 3601 989 3680 71,
1013 3601 1057 3686 2.)
1092 3599 1258 3663 evincatur

197 3734 261 3776 nou
296 3713 399 3776 solere
437 3713 555 3775 addere
590 3713 810 3795 Thucydidem
847 3713 888 3774 ad
925 3711 1044 3795 ἄνδρες
1080 3732 1257 3796 pronomen

196 3848 296 3899 τινες,
331 3825 603 3906 quotienscunque
636 3819 719 3909 ἀνήρ
753 3825 855 3906 ipsum
889 3825 923 3886 in
952 3825 1017 3888 vim
1056 3823 1256 3907 pronominis

197 3936 355 3998 indefiniti
378 3936 502 3998 abierit.

302 4047 369 4110 VH
398 4047 446 4128 70,
475 4048 504 4112 8.
527 4052 581 4110 καὶ
608 4045 639 4111 οἳ
663 4052 830 4131 στρατηγοὶ
854 4093 999 4111 .....
1011 4045 1032 4110 ’.
1065 4043 1195 4133 ἠρώτων
1225 4043 1257 4110 οἱ

198 4164 262 4245 μὲν
274 4157 467 4248 Ἀθηναῖοι,
496 4161 525 4226 εἰ
546 4157 603 4247 τὴν
625 4160 869 4248 πολεμιωτάτην
895 4162 955 4247 γῆν
978 4160 1175 4248 οἰκειοτέραν
1197 4158 1258 4253 ’ήδη
