3038 4760
678 476 847 540 ..24-

235 666 412 748 ξυμφορῶν
438 685 497 747 pro
522 667 718 747 ξυμπασῶν,
742 663 791 728 VI
814 665 855 728 99
879 664 1050 748 πυραμίδα
1071 686 1130 749 pro
1155 663 1290 730 πυλίδα.

234 775 387 838 Similiter
410 775 443 837 in
466 782 644 838 ceterorum
668 775 812 839 codicum
835 775 1021 839 recensione
1043 783 1208 859 peccatum
1228 785 1291 842 est:

233 886 282 948 VI
305 885 346 950 95
363 885 554 970 ’Λ9ηναίοιν
575 906 634 969 pro
658 889 823 970 Θηβαίων,
847 885 915 950 VII
938 887 978 950 72
1002 887 1213 968 ἐβουλεύσατο
1232 908 1292 970 pro

235 996 410 1079 ἐβούλοντο
427 998 493 1060 VII
519 997 559 1062 75
575 995 656 1061 κατὰ
673 997 708 1062 τὸ
725 997 883 1082 χρήσιμον
897 1019 956 1080 pro
977 1000 1110 1074 ἕκαστος
1124 1000 1292 1084 χρήσιμον,

234 1108 317 1171 VIII
335 1109 375 1172 16
399 1107 430 1173 ολ
454 1107 574 1173 πολλοί
595 1128 654 1191 pro
678 1104 710 1171 οἱ
733 1107 834 1183 πεζοί,
858 1108 925 1172 VII
945 1109 987 1172 36
1015 1112 1214 1194 παρέχοντες
1233 1129 1292 1192 pro

235 1222 388 1294 παίοντες
425 1219 466 1282 ad
506 1218 592 1300 quod
622 1221 822 1302 παρέχοντες
852 1219 927 1282 olim
958 1221 1019 1284 viri
1050 1220 1137 1284 docti
1167 1226 1223 1282 aut
1252 1239 1293 1282 ex

234 1329 450 1414 superioribus
474 1329 615 1412 ἐμβολήν
637 1335 692 1392 aut
714 1330 822 1392 nescio
845 1331 928 1394 unde
952 1335 1036 1395 ναῑιν
1057 1331 1293 1410 intellexerunt,

235 1449 400 1522 utrumque
415 1447 615 1524 repugnante
633 1440 757 1504 Graeco
779 1462 933 1522 sermone,
956 1464 1051 1524 quom
1066 1461 1159 1505 nemo
1176 1440 1295 1504 dixerit

236 1551 377 1636 ἐμβολὴν
405 1555 561 1632 παρέχειν
589 1551 742 1635 ἐμβόλοις
768 1559 824 1614 aut
847 1555 929 1618 ναῦν
951 1558 1107 1638 παρέχειν
1130 1551 1292 1636 ἐμβόλοις.

234 1664 318 1727 VIII
342 1665 395 1744 90,
426 1665 441 1726 1
479 1661 672 1746 ὀλιγαρχίαν
705 1663 776 1746 (pro
813 1661 1008 1746 ὁμολογίαν)
1038 1665 1138 1728 ceteri
1167 1663 1294 1727 codices

237 1777 319 1839 maie
343 1776 503 1856 exhibent,
525 1783 559 1837 at
580 1795 645 1837 non
667 1775 774 1856 potnit
796 1776 904 1857 expeti
926 1797 1098 1859 pancorum
1120 1775 1294 1858 imperium,

238 1886 324 1969 quod
341 1886 410 1968 jam
433 1887 641 1949 constitutum
657 1891 736 1948 erat.
774 1886 940 1949 Accresoit
954 1906 1031 1949 vero
1048 1888 1120 1952 voci
1136 1884 1295 1969 ὁμολογία

237 1997 316 2060 fides
331 2018 371 2060 ex
386 1998 587 2080 paragrapho
603 1996 707 2076 tertia,
730 2016 793 2078 qua
809 1974 963 2078 jubentur
979 1998 1145 2081 Antiphon
1164 1997 1295 2078 ejusque

237 2110 315 2172 socii
337 2130 407 2172 eum
423 2108 684 2172 Lacedaemoniis
700 2127 810 2191 paoem
827 2129 1018 2191 componore
1037 2107 1295 2194 (ξυναλλαγῆναι

238 2220 322 2302 πρὸς
344 2217 418 2295 τοὺς
441 2201 754 2302 Λακεδαιμονίους).

198 2309 200 2315 ¹
341 2334 392 2395 Ab
408 2333 468 2396 hoc
483 2351 601 2410 genere
616 2331 712 2412 longe
729 2331 850 2394 distant
865 2331 1069 2412 glossemata,
1085 2332 1202 2414 quippe
1216 2349 1295 2408 quae

237 2465 300 2507 uon
310 2445 512 2508 librariorum
522 2442 989 2523 errore,sedgrammaticorum
998 2443 1131 2506 consilio
1142 2441 1295 2506 ortasint.

341 2557 389 2618 VI
414 2555 482 2634 105,
506 2555 526 2616 2
553 2553 589 2617 ιό
617 2576 650 2615 τε
676 2553 885 2636 Πυθοδώρου
922 2561 975 2617 καὶ
999 2552 1211 2619 Λαισποδίυυ
1242 2557 1296 2614 καὶ

235 2669 430 2752 Δημαράιου
442 2664 611 2748 ἀρχόντων
621 2661 808 2746 ἀποβάντες
821 2665 853 2740 ἐς
861 2662 1060 2747 Ἐπίδαυρον
1071 2664 1129 2749 τὴν
1141 2661 1297 2749 Λιμηρὰν

236 2785 290 2841 καὶ
324 2777 473 2862 Πρασιὰς
505 2783 559 2840 καὶ
593 2775 654 2840 ὅσοι
690 2772 775 2836 ἄλλοι
812 2773 971 2865 ἐδῄωσαν.
1018 2775 1094 2838 Vat.
1126 2779 1180 2838 uoti
1211 2772 1296 2837 ἄλλα

236 2890 314 2952 ἅττα
342 2888 500 2979 ἐδῄωσαν.
552 2884 787 2948 Probabilitate
822 2893 911 2948 caret
940 2886 1083 2950 Glassoni
1112 2885 1195 2948 ratio
1224 2883 1297 2947 ἄλλ’

236 3000 314 3064 ἄπα
341 2998 538 3083 reponentis,
570 3017 662 3075 quam
691 2997 879 3079 scripturam
913 2999 988 3060 mihi
1013 3005 1135 3062 certum
1157 3003 1206 3059 est
1227 3017 1298 3079 pro·

233 3114 350 3176 sectam
373 3132 441 3175 esso
465 3131 484 3172 a
501 3108 721 3190 grammatico,
744 3115 779 3171 ut
795 3109 892 3172 dictio
911 3108 1054 3190 elliptioa
1068 3114 1296 3172 removeretur.

234 3222 344 3302 Neque
368 3243 438 3286 oum
460 3221 565 3298 aliquo
590 3217 693 3280 fructu
718 3219 759 3280 ad
781 3219 862 3282 hanc
879 3220 1096 3298 quaestionem
1112 3218 1298 3284 solvendam

235 3334 366 3396 adhibet
389 3333 557 3396 Classenus
585 3329 651 3391 VII
677 3330 725 3410 18,
749 3330 777 3409 3,
808 3351 868 3409 quo
896 3330 968 3392 loco
995 3350 1096 3409 neque
1129 3329 1191 3394 ὅσα
1214 3328 1298 3392 ἄλλα

233 3466 336 3524 neque
352 3443 437 3508 ἄλλα
453 3442 532 3506 ἄιτα
547 3440 665 3522 legitur
680 3439 736 3501 sed
753 3438 849 3503 ἄλλα.
876 3439 1006 3524 (ἐπειδὴ
1024 3441 1053 3504 δ’
1070 3439 1102 3506 οἱ
1116 3440 1297 3526 Ἀθηναῖοι

228 3552 429 3638 Ἐπιδαύρου
453 3557 487 3617 τέ
509 3577 536 3616 τι
561 3556 615 3613 καὶ
638 3553 797 3632 Πρασιῶν
820 3534 876 3612 ιιαὶ
898 3551 982 3615 ἄλλα
1006 3551 1180 3643 ἐδῄωσαν).

340 3665 405 3728 VII
430 3667 458 3748 6,
484 3669 499 3730 1
529 3662 649 3729 ταῦιδν
678 3661 738 3748 ἤδη
770 3661 876 3726 ἐποίει
899 3661 1009 3737 αὐτοῖς
1032 3667 1126 3728 νικᾶν
1148 3685 1180 3724 τε
1201 3684 1299 3742 μαχο-

876 3773 1077 3856 reponerem.

875 3862 1054 3944 “dmm
1129 3816 1298 3899 Propriam

232 3824 347 3903 μένοις
368 3825 422 3883 καὶ
445 3820 526 3905 μηδὲ
551 3819 730 3901 μάχεσθαι.
776 3817 852 3879 vat.

235 3974 386 4038 Vaticani
422 3975 611 4058 scripturam
646 3993 714 4035 esse
749 3969 951 4053 δμύνεσίλαι,
986 3973 1155 4054 μάχεσθαι
1190 3977 1297 4033 autem

235 4107 275 4149 en
309 4086 425 4152 ceteris
459 4085 622 4148 codicibus
656 4084 689 4146 in
722 4083 916 4146 Vaticanum
950 4083 1074 4145 venisse
1106 4083 1181 4146 inde
1214 4079 1300 4145 oolli-

232 4198 330 4285 gitur,
370 4197 454 4281 quod
492 4217 601 4262 omnes
640 4196 834 4281 scripturae,
873 4213 950 4276 quas
989 4193 1166 4261 Vaticanus
1202 4194 1300 4260 habet
