3038 4760
711 533 882 600 „13-

267 721 353 808 quod
374 720 461 788 nullo
486 723 582 789 modo
605 723 674 788 lieri
696 731 814 807 potest.
861 725 961 787 lmmo
990 721 1124 806 abjectis
1144 721 1192 786 his
1218 721 1326 788 verbis

267 837 457 900 adducimur
490 855 542 915 eo,
575 842 611 898 ut
645 836 753 920 inepte
780 843 926 920 putemus
953 835 1064 898 Niciae
1092 836 1189 899 solius
1216 836 1326 919 copias

266 947 441 1030 quadratro
476 948 601 1029 agmine
638 948 844 1030 processisse,
883 968 952 1010 eum
987 947 1095 1030 potius
1126 967 1178 1009 res
1213 948 1259 1009 ita
1290 967 1325 1010 se

265 1058 393 1134 habeat,
429 1065 465 1120 ut
491 1057 625 1140 junctae
652 1057 764 1121 Niciae
799 1065 832 1122 et
858 1050 1082 1122 Demosthenis
1117 1059 1229 1141 copiae
1263 1079 1327 1140 qua

266 1169 392 1232 dratum
415 1167 565 1232 efficiant.

371 1279 439 1342 VII
461 1279 547 1360 86,5
569 1285 623 1342 καὶ
646 1278 664 1344 ὁ
687 1285 749 1363 μὲν
773 1280 917 1366 (Νικίας)
942 1328 1119 1345 ......
1145 1280 1323 1366 ἐτεθνήκει,

264 1392 377 1477 ἥκιστα
405 1390 443 1475 δὴ
471 1391 565 1466 ἄξιος
592 1392 638 1454 ὥν
665 1395 729 1454 τῶν
754 1417 790 1472 γε
818 1391 869 1456 ἐπ’
897 1393 977 1475 ἐμοῦ
995 1391 1153 1477 Ἑλλήνων
1176 1391 1209 1466 ἒς
1231 1395 1324 1456 τοῦτο

266 1503 437 1582 δυστυχίας
452 1499 636 1584 eicardo-‘loa
653 1501 708 1566 διὰ
724 1501 781 1588 τὴν
798 1505 956 1584 ,πᾶσαν
979 1503 996 1566 ε’
1004 1527 1019 1577 ς
1041 1501 1214 1586 ἆρετὴν“
1238 1526 1324 1566 νενο-

204 1687 205 1690 ¹
264 1618 423 1698 μισμένην
451 1612 672 1699 ἐπιτήδευσιν,
700 1635 830 1678 necesse
858 1622 906 1678 est
929 1615 1106 1678 accuratius
1129 1613 1324 1697 significetur

264 1723 377 1787 Niciae
399 1725 547 1806 studium,
571 1725 659 1807 cujus
681 1727 728 1788 rei
751 1725 857 1790 fuerit.

369 1835 455 1899 VIII
479 1837 529 1916 27,
553 1837 572 1899 2
597 1883 741 1902 .....
767 1837 905 1912 εἰδότας,
930 1834 1013 1920 πρὸς
1037 1815 1163 1910 ὁπλίσας
1186 1861 1219 1899 τε
1246 1839 1322 1910 ναῖις

261 1945 425 2030 ’πολεμίας
455 1927 509 2010 καὶ
537 1946 630 2022 ὅσαις
656 1945 741 2031 πρὸς
768 1945 869 2022 αὐτὰς
896 1960 966 2022 ταῖς
994 1949 1177 2030 σφετέραις,
1206 1944 1324 2020 ἱκανῶς

264 2063 318 2120 καὶ
349 2058 428 2121 καθ’
458 2055 595 2143 ἡσυχίαν
628 2062 944 2142 παρεσκευασμένοις
974 2056 1062 2120 ε”σιαι
1093 2054 1325 2135 ἀγωνίσασθαι

266 2167 382 2250 ,ὅποι
405 2193 442 2231 τε
464 2169 716 2250 βουλονται“,
741 2167 820 2232 οιίδὲ
834 2193 913 2233 ποτε
930 2216 1073 2234 .....
1091 2168 1226 2232 Prorsus
1248 2173 1323 2250 apte

264 2280 389 2344 aceedit
426 2281 524 2343 tertia
553 2281 716 2360 condicio,
749 2287 784 2342 ut
809 2279 907 2342 liceat
928 2279 1177 2342 Atheniensibus
1204 2297 1243 2340 ex
1265 2297 1322 2356 sua

263 2392 425 2454 sententia
455 2392 620 2474 pugnandi
649 2391 754 2454 locum
776 2390 907 2472 eligere.
951 2390 1116 2454 Accrescit
1136 2367 1213 2451 vero
1235 2387 1323 2467 fides,

263 2501 289 2563 si
317 2502 484 2584 respicias,
517 2523 599 2585 quae
626 2502 829 2586 paragrapho
853 2501 1056 2582 suguntur:
1091 2497 1109 2590 ᾗ
1141 2497 1235 2582 μόλις
1269 2497 1323 2562 ἐπὶ

262 2625 333 2688 ταῖς
368 2617 597 2697 γεγενημέναις
632 2615 813 2696 ξυμφοραῖς
847 2612 1043 2694 ἐνδέχεσθαι
1074 2608 1154 2694 μετὰ
1188 2611 1323 2692 βεβαίου

262 2727 470 2808 παρασκευῆς
493 2727 573 2787 καθ’
597 2722 758 2797 ἑκουσίαν,
791 2726 934 2806 προτέρᾳ
958 2746 1018 2786 ποι
1035 2721 1227 2805 ἐπιχειρεῖν,
1258 2724 1322 2783 ποῦ

263 2833 301 2920 δὴ
335 2833 378 2920 μὴ
408 2833 582 2924 βιαζομένῃ
612 2859 649 2914 γε
676 2833 758 2918 πρὸς
786 2831 1001 2916 αὖθαιρέτους
1028 2831 1200 2905 κινδύνους
1228 2832 1318 2902 ἰέναι,

261 2948 374 3029 quibus
397 2946 504 3008 verbis
527 2967 621 3028 quom
645 2946 795 3008 universa
816 2945 928 3008 eadem
944 2943 1104 3006 sententia
1119 2943 1321 3025 exprimatur,

261 3065 327 3122 tum
360 3077 437 3120 vero
469 3063 621 3139 spectant
650 3035 792 3139 προτέρᾳ
823 3080 883 3120 ποι
914 3055 1092 3138 ἐπιχειρεῖν
1119 3053 1159 3115 ad
1188 3053 1264 3118 ὅποι
1290 3075 1323 3114 τε

260 3169 434 3251 βούλονται
463 3169 519 3252 (sc.
544 3167 802 3250 ἀγωνίσασθαι).
840 3167 952 3249 Neque
975 3165 1164 3245 mutaverim
1188 3162 1267 3228 ὅποι
1290 3163 1323 3224 in

261 3280 358 3355 ὅπου,
395 3300 465 3343 cum
493 3280 679 3342 existumem
706 3279 747 3340 ad
768 3278 944 3360 βούλονται
971 3279 1067 3341 licere
1091 3273 1323 3356 ἀγωνίσασθαι

259 3392 306 3454 ita
328 3391 525 3472 intellegere,
548 3396 584 3452 nt
606 3389 777 3471 significet:
805 3389 967 3472 pugnandi
992 3407 1088 3449 cansa
1110 3405 1143 3449 se
1166 3385 1321 3451 conferre.
1352 3426 1355 3431 -

364 3502 430 3564 VH
454 3501 503 3581 87,
528 3501 544 3563 l
570 3499 606 3563 ἕν
638 3498 701 3584 γὰρ
726 3499 824 3586 κοιλῷ
848 3503 953 3586 χωρίῳ
977 3499 1073 3572 ὄντας
1097 3502 1170 3579 ,καὶ
1192 3493 1321 3581 ὀλίγῳ.“

258 3613 352 3676 facile
382 3613 490 3695 potuit
512 3613 545 3674 in
568 3611 683 3675 ceteris
707 3611 870 3676 codicibus
892 3609 1108 3695 praetermitti
1135 3613 1189 3672 καὶ
1212 3606 1321 3693 ὀλίγῳ,

258 3727 332 3810 qnia
353 3724 478 3806 longius
501 3729 656 3786 semotum
679 3729 749 3786 erat
771 3721 1037 3786 ab'suhstantivo
1062 3739 1118 3782 sno
1143 3721 1260 3804 χωρίῳ.

362 3835 429 3898 VII
451 3835 499 3915 86,
515 3833 546 3896 4.
571 3829 650 3896 ἄνελ’
673 3831 720 3898 ὧν
741 3839 774 3897 υί
794 3857 826 3896 τε
842 3831 1104 3916 Λακεδαιμόνιοι
1127 3828 1210 3914 ἦσαν
1233 3825 1320 3913 αὐτῷ

257 3947 447 4032 προςφιλεῖς
469 3943 617 4018 κάκεῖνος
639 3941 699 4026 οὐχ
723 3943 832 4028 ἣκιστα
856 3941 942 4026 ,διὰ
977 3944 1109 4007 votur
1145 3940 1322 4011 πιστεύσας

256 4057 375 4122 ἑαυτὸν
401 4060 442 4144 τῷ
466 4056 624 4143 Γυλίππῳ
646 4054 851 4140 παρέδωκεν.
879 4053 985 4133 miror,
1009 4052 1094 4134 quod
1120 4052 1235 4136 Poppo
1263 4049 1320 4114 διὰ

256 4173 349 4236 τοῦτο
377 4169 488 4234 inutile
512 4175 607 4232 vocat
629 4167 896 4247 additamentum
930 4163 1013 4228 Nam
1037 4169 1183 4247 apparet,
1211 4161 1237 4224 si
1262 4159 1320 4224 διὰ
