3038 4760
615 502 835 569 ...9,4.ἡ

221 689 297 756 mihi
318 713 469 778 perversa
491 712 569 775 esse,
592 714 655 778 qua
671 693 810 758 Stahlius
833 695 874 757 ad
897 694 1112 778 conjecturam
1127 692 1278 776 'confugit

187 806 192 820 “
221 826 408 888 quamquam
424 805 574 868 Vaticani
597 806 754 889 scriptura
777 807 955 870 sententiae
977 825 1106 890 prorsus
1122 804 1278 868 satisfacit

220 937 280 980 nec
307 918 377 999 ipsa
404 917 592 1000 suspicionis
622 917 793 1000 quidquam
819 917 927 980 habet.
976 917 1070 979 Adde
1098 917 1184 999 quod
1211 917 1278 980 sine

220 1028 352 1109 negotio
374 1026 580 1111 perspicitur,
612 1027 772 1108 quomode
796 1026 839 1102 ὥς
859 1027 948 1090 ἐἶδον
970 1028 1002 1090 in
1025 1027 1133 1112 ὥςπερ
1155 1028 1279 1104 ἰδόντες

221 1143 403 1221 corruptum
427 1139 476 1217 sit,
499 1157 593 1219 quom
615 1138 762 1200 similiter
784 1138 850 1200 VH
867 1138 905 1200 81
927 1138 1047 1221 (ὥςπερ
1063 1142 1276 1223 προςέμιξαν)

220 1250 252 1312 in
280 1250 394 1313 ceteris
422 1250 585 1312 codicibus
617 1248 722 1330 ὥςπερ
753 1269 811 1330 pro
841 1245 883 1324 ὥς
911 1247 1180 1332 deprehendatur,
1215 1273 1277 1334 quo

220 1381 329 1425 errore
366 1360 480 1442 illapso
524 1359 702 1441 quiajam
741 1360 892 1441 temporis
931 1361 978 1423 vis
1027 1361 1059 1422 in
1103 1362 1161 1424 hac
1199 1383 1278 1426 voce

220 1474 389 1536 obscurata
422 1479 504 1550 erat,
537 1471 629 1533 facile
664 1470 769 1554 potuit
801 1470 883 1551 fieri,
918 1477 953 1532 ut
983 1465 1110 1554 aliquis
1126 1470 1215 1534 εἶδον
1245 1472 1276 1533 in

220 1585 346 1658 ἰδόντες
368 1589 517 1645 mutaret.

324 1694 408 1756 VIII
435 1691 485 1772 63,
513 1693 533 1755 3
566 1692 680 1776 ἐπειδὴ
713 1691 775 1776 γὰρ
811 1689 842 1756 oi
876 1698 947 1777 περὶ
983 1693 1039 1758 τὸν
1071 1695 1279 1780 Πείσανδρον

220 1810 369 1890 πρέσβεις
401 1803 492 1888 παρὰ
519 1807 575 1868 τοῦ
601 1808 845 1888 Τισσαφέρνους
876 1802 909 1876 ἐς
935 1801 990 1888 τὴν
1018 1804 1131 1888 Σάμον
1159 1804 1275 1889 ἦλθον,

218 1919 257 1982 τά
280 1939 314 1980 τε
336 1915 371 1978 ἐν
394 1913 479 2002 αὐτῷ
503 1921 545 2000 τῷ
571 1915 780 1998 στρατεύματι
805 1913 849 1978 ἔτι
872 1915 1081 1996 βεβαιότερον
1099 1918 1278 1999 κατέλαβον

219 2034 272 2092 καὶ
306 2025 414 2092 αὐτῶν
447 2032 511 2090 τῶν
545 2030 679 2108 Σαμίων
712 2027 971 2108 προτρεψάντων
1004 2027 1078 2101 τοὺς
1108 2028 1275 2104 δυνατούς,

219 2139 296 2214 ὥςτε
325 2141 511 2221 πειρᾶσθαι
544 2136 624 2218 μετὰ
656 2141 749 2220 σφῶν
783 2134 1041 2222 ὀλιγαρχηλλῆναι
1074 2140 1193 2218 καίπερ
1224 2138 1265 2202 ἐπ

216 2249 420 2324 ἀναστάντας
443 2245 561 2322 αὐτοὺς
584 2246 755 2332 ἀλλήλους,
786 2253 841 2309 ἵνα
865 2248 908 2331 μὴ
931 2247 1177 2330 ὀλιγαρχῶνται.
1225 2255 1277 2313 καὶ

217 2361 252 2424 ἒν
278 2365 388 2444 σφίσιν
410 2358 521 2434 αὐτοῖς
543 2359 612 2442 ἅμα
633 2355 664 2422 ui
682 2358 717 2420 ἐν
732 2361 767 2447 τῇ
783 2357 883 2445 Σάμῳ
900 2361 963 2421 τῶν
980 2340 1171 2442 Ἀθηναίων
1186 2383 1277 2424 κοινο

216 2471 411 2555 λογούμενοι
443 2471 625 2553 ἐσκέψαντο
650 2517 657 2534 .
684 2517 692 2533 .
718 2517 726 2532 .
754 2517 761 2533 .
787 2469 862 2532 vat.
888 2473 1150 2554 προντρὲψαντο.
1196 2471 1277 2534 Krd·
1370 2487 1375 2499 ·

215 2603 310 2664 geras
351 2584 572 2666 patrocinatur
609 2582 759 2664 vulgatae
799 2581 975 2663 sulpturae
1010 2583 1279 2666 ’προτρεψάντων

215 2702 251 2758 ut
272 2695 446 2776 genitivum
470 2693 647 2758 absolutum
665 2692 774 2757 αὐτῶν
791 2697 856 2756 τῶν
870 2696 1004 2776 Σαμίων
1020 2695 1279 2778 προτρεψάντων

215 2806 334 2869 reserat
362 2806 403 2869 ad
425 2805 607 2887 κατέλαβον
628 2806 872 2888 interpretatus:
903 2824 968 2866 non
991 2804 1086 2867 modo
1110 2805 1142 2867 iu
1165 2806 1277 2869 castris

215 2918 292 3002 ipsis
323 2937 390 2981 rem
418 2939 505 2981 suam
533 2918 629 2980 etiam
657 2916 758 2998 magis
785 2915 1004 2996 firmaverunt,
1037 2915 1111 2997 quia
1138 2916 1190 2978 vel
1217 2917 1277 3000 ipsi

215 3028 314 3094 Samii
330 3029 570 3093 Atheniensium
596 3027 768 3112 optimates
790 3027 990 3110 impulerant,
1012 3033 1047 3089 ut
1064 3027 1156 3088 simul
1172 3047 1277 3091 secum

214 3160 386 3224 paucorum
410 3141 576 3225 imperinm
599 3146 792 3203 conarentur
818 3139 972 3221 accipere,
996 3139 1052 3200 sed
1075 3139 1171 3201 etiam
1194 3139 1279 3202 inter

215 3273 248 3315 se
282 3259 463 3316 statuerunt
490 3251 733 3314 Atheniensium
761 3251 797 3330 ii,
833 3251 887 3332 qui
922 3250 1007 3313 Sami
1042 3251 1277 3334 conspirabant,

214 3363 414 3426 Alcibiadem
437 3362 564 3426 missum
587 3360 702 3425 facere.
748 3361 842 3424 Hane
865 3359 1111 3443 explicationem
1136 3369 1169 3425 ut
1191 3383 1278 3425 accu-

213 3475 315 3538 ratius
342 3475 586 3552 consideremus,
617 3474 751 3556 primum
774 3492 838 3534 uon
862 3471 972 3534 debuit
995 3471 1179 3553 Kruegerus
1203 3470 1278 3548 τοὺς

215 3586 372 3660 δυνατούς
404 3586 592 3667 intellegere
627 3584 816 3646 Pisandrum
850 3581 979 3665 ejusque
1014 3583 1164 3665 comites,
1199 3604 1277 3666 quos

213 3697 287 3778 quia
324 3697 418 3761 modo
456 3698 679 3760 nominaverat
715 3694 931 3777 Thucydides,
969 3694 1067 3757 satius
1111 3703 1181 3760 erat
1218 3715 1276 3779 pro

214 3807 372 3883 δυνατούς
402 3829 523 3892 ponere
554 3826 731 3892 pronomen
766 3807 860 3889 σφᾶς.
901 3805 1003 3870 Porro
1027 3807 1105 3870 mire
1130 3807 1278 3870 dicuntur

212 3920 244 3983 hi
278 3921 377 4002 legati
412 3921 444 3983 in
482 3919 625 3983 exercitu
657 3917 900 3982 Atheniensium
933 3918 1052 3982 idcirco
1088 3937 1155 3981 rem
1189 3939 1277 3981 snam

213 4031 363 4114 firmasse,
390 4032 466 4114 quia
495 4053 515 4094 a
538 4029 652 4094 Samiis
678 4029 804 4113 impulsi
832 4035 914 4092 sunt.
960 4028 1104 4110 Denique
1130 4026 1166 4089 ἐν
1189 4026 1275 4114 αὐτῷ

212 4148 255 4235 ’τῷ
283 4145 493 4230 στρατεύματι
521 4150 555 4207 et
583 4142 619 4208 ἐν
645 4144 737 4226 σφίσι
766 4138 878 4216 αὐτοῖς
905 4141 990 4204 inter
1012 4159 1046 4202 se
1071 4145 1277 4223 opponuntur
