3038 4760
652 491 820 560 ...31-

213 685 500 760 διακινδυνεῦσαι,Ι
513 681 626 770 ἐπειδὴ
642 683 785 768 ἔσηαλτο
802 681 941 748 ἀπιέναι
957 678 1144 767 ἐψηφίζετο.
1183 675 1272 744 stah-

212 799 273 862 lius
294 797 461 865 Classenus
482 796 668 882 praeferunt
691 795 929 860 διεκινδύνευσε
949 795 996 857 ita
1018 800 1054 856 nt
1076 791 1273 874 exprimatur

214 910 417 994 Thucydidis,
446 929 511 972 non
534 908 758 972 Demosthenis
781 907 950 970 sententia.
995 905 1038 968 Et
1060 910 1169 988 potest
1191 911 1273 968 utra-

214 1043 276 1104 que
299 1022 456 1104 scriptura
479 1019 616 1099 defendi,
640 1017 697 1080 sed
719 1025 863 1100 praestat
885 1037 924 1079 ca
945 1016 1038 1105 ratic,
1060 1023 1096 1078 ut
1117 1015 1273 1077 rariorem

215 1140 397 1196 ceterorum
419 1132 563 1195 codicum
586 1130 759 1193 dictionem
781 1130 983 1208 retineamus,
1005 1147 1068 1210 qua
1091 1126 1133 1189 ad
1147 1126 1275 1190 infiniti·

214 1266 288 1308 vum
313 1243 577 1307 διακινδυνεῦσαι
601 1263 640 1306 ex
665 1240 841 1326 ἐψηηίζετο
864 1240 1038 1324 petendum
1060 1245 1110 1300 est
1132 1237 1203 1324 ἔηη.

321 1357 403 1415 VIII
424 1353 509 1434 44,1
535 1349 565 1416 ai
583 1352 612 1415 δ’
628 1353 660 1428 ἒς
675 1350 866 1436 τηνῬόδον,
892 1351 1275 1436 ἕπικηρυκευομένων

216 1467 286 1540 άπὸ
309 1472 374 1530 τῶν
399 1464 630 1528 δυνατωτάτων
652 1461 794 1544 ἀνδρῶν,
825 1459 882 1546 τὴν
905 1465 1037 1548 γνω’μην
1059 1464 1147 1542 εἶχον
1169 1462 1273 1526 πλεῖν.

216 1582 293 1644 Vat.
319 1575 638 1661 ἐπικηρυκευόμενοι,
663 1575 753 1656 quasi
776 1575 1069 1660 ἐπικηρυκεύεσθαι
1093 1573 1136 1636 sil
1156 1573 1276 1635 nuntiis

215 1691 372 1756 arcessiri.
417 1687 520 1768 Hujus
551 1686 728 1769 scripturae
757 1707 851 1750 causa
879 1688 941 1750 sita
971 1693 1021 1750 cst
1048 1685 1081 1748 in
1109 1705 1161 1764 eu,
1190 1683 1275 1766 qued

218 1803 362 1885 genitivo
393 1797 526 1880 ἀνδρῶν
547 1799 691 1880 proxime
713 1799 938 1881 praegreditur
960 1795 1028 1862 άπὸ
1052 1799 1116 1860 τῶν
1139 1795 1276 1859 δυνατω·

216 1913 341 1985 τάτων,
362 1971 365 1974 ,
388 1928 467 1991 quos
512 1910 592 1972 duos
636 1910 796 1990 genitivos
840 1909 989 1992 jungenti
1033 1908 1126 1970 facile
1170 1908 1277 1990 potuit

219 2023 539 2108 ε’πικηρυκευομένων
566 2021 599 2084 in
627 2021 802 2084 offensione
825 2041 905 2085 esse.
951 2019 1032 2084 Sunt
1053 2020 1150 2082 etiarn
1172 2019 1276 2094 hodie,

217 2135 270 2218 qui
294 2131 427 2214 ἀνδρῶν
449 2130 490 2192 ad
514 2127 584 2194 άπο
600 2135 663 2196 τῶν
679 2131 910 2197 δυνατωτάτων
924 2131 1065 2196 referant
1080 2130 1126 2192 ita
1141 2128 1276 2212 quidem,

217 2255 252 2310 ut
286 2245 327 2307 ad
362 2243 682 2323 ἐπικηρυκεοομένων
715 2244 864 2307 audiatur
895 2248 1007 2320 τινῶν,
1042 2261 1123 2324 quac
1156 2239 1278 2323 ellipsis

218 2356 303 2439 apud
326 2355 499 2438 scriptores
522 2373 631 2416 omnes
654 2355 732 2418 satis
754 2356 867 2419 crebro
890 2355 1060 2418 invenitur.

323 2465 405 2522 VIII
429 2463 479 2542 66,
504 2465 520 2526 1
545 2461 585 2548 ἦν
609 2463 644 2527 δὲ
660 2469 753 2530 τοῦτο
769 2463 932 2550 εὐπρεπεῖς
947 2465 1029 2548 πρὸς
1044 2463 1118 2538 τοὺς
1134 2463 1276 2538 πλείους,

221 2573 292 2636 ἐπεὶ
323 2575 406 2648 ἕξειν
433 2599 469 2652 γε
495 2573 552 2659 τὴν
578 2575 677 2639 πόλιν
704 2584 800 2662 οἵπερ
826 2583 880 2642 καὶ
906 2577 1106 2660 μεθιστάναι
1129 2574 1275 2659 ἔμελλον.

204 2683 314 2760 ‘Quod
337 2683 514 2748 Vaticanus
536 2685 634 2749 habet
655 2688 863 2769 μεθίστασαν
885 2689 960 2752 inde
983 2695 1088 2751 crtum
1111 2694 1168 2767 est,
1192 2685 1279 2769 quud

218 2779 443 2877 grammaticus
473 2797 579 2860 omisit
608 2797 744 2880 ἔμελλον
773 2799 821 2862 bis
849 2800 992 2881 cogitare
1019 2805 1053 2862 ct
1076 2799 1116 2861 ad
1139 2801 1225 2874 ἕξειν
1247 2804 1280 2860 ct

219 2907 261 2968 ad
293 2909 501 2988 μεθιστάναι.
558 2907 671 2991 Neque
704 2909 924 2993 imperfectum
955 2913 1159 2992 μεθίστασαν
1194 2909 1280 2973 omni

225 3017 399 3080 offensione
431 3020 566 3083 liberum
600 3026 662 3101 est,
695 3041 790 3104 quam
822 3021 1029 3084 offensionem
1058 3041 1123 3083 non
1153 3019 1280 3082 sustulit

220 3127 388 3192 Classenus
414 3129 644 3213 interpretatus
674 3127 706 3194 οἱ
723 3134 955 3213 μεθιστάντα.
1007 3133 1065 3196 Εεί
1091 3131 1175 3194 eninr
1203 3150 1279 3194 sane

218 3245 329 3302 notum
358 3241 530 3324 participia
556 3241 736 3326 praesentis
763 3262 989 3326 nonnunquam
1011 3242 1192 3324 generalem
1216 3243 1279 3304 vim

218 3350 351 3413 induere
378 3351 438 3432 ita,
469 3361 505 3416 ut
531 3375 591 3437 pro
619 3354 827 3417 substantivis
854 3353 993 3418 valeant.
1039 3353 1103 3418 Sed
1131 3353 1207 3436 quid
1229 3353 1281 3416 hie

221 3482 295 3526 usus
320 3463 361 3525 ad
383 3466 609 3546 μεθίστασανλ

324 3577 406 3636 VIII
428 3574 478 3654 30,
503 3577 519 3638 1
544 3579 602 3640 τοῦ
626 3576 655 3639 δ’
676 3572 776 3640 αὐτοῦ
798 3579 959 3660 χειμῶνος
981 3587 1048 3650 τοῖς
1071 3576 1108 3640 ε’ν
1129 3578 1165 3667 τη
1180 3576 1280 3662 Σάμῳ

212 3680 407 3770 Ἀθηναίοις
438 3691 703 3770 προςαιμιγμέναι
736 3685 799 3770 γάρ
826 3685 909 3772 ἦσαν
935 3693 989 3750 καὶ
1017 3691 1153 3752 οἴκοθεν
1180 3686 1280 3751 άλλαι

219 3799 293 3880 νηες
326 3800 424 3862 πέντε
457 3801 511 3858 καὶ
546 3797 718 3879 τριάκοντα
752 3803 805 3860 καὶ
836 3804 1005 3882 στρατηγοὶ
1031 3803 1201 3880 Χαρμῖνος
1227 3803 1281 3860 καὶ

218 3907 453 3992 Στρομβιχίδης
486 3910 540 3968 καὶ
568 3903 753 3992 Εὐκτήμων,
777 3915 832 3972 καὶ
866 3915 923 3983 τὰς
945 3907 1016 3974 dut
1045 3913 1119 3990 χίου
1146 3907 1281 3985 καὶτὰς

219 4016 322 4091 ἄλλας
355 4023 466 4091 πασας
499 4020 738 4099 ξυναγαγόντες
772 4019 946 4102 ἐβούλοντο
981 4020 1280 4106 διακληρωσάμενοι

220 4125 273 4191 ἐπὶ
310 4131 370 4210 μὲν
407 4153 442 4218 τη
477 4129 612 4218 Μιλήτῳ
648 4136 690 4219 τῷ
728 4134 867 4220 ναυτικῷ
903 4131 1070 4216 ἐφορμεῖν.
1129 4131 1280 4209 Quamvis
