<?xml version="1.0" encoding="UTF-8"?>
<!DOCTYPE html PUBLIC "-//W3C//DTD XHTML 1.0 Transitional//EN"
    "http://www.w3.org/TR/xhtml1/DTD/xhtml1-transitional.dtd">
<html xmlns="http://www.w3.org/1999/xhtml" xml:lang="en" lang="en">
 <head>
  <title>
</title>
<meta http-equiv="Content-Type" content="text/html;charset=utf-8" />
  <meta name='ocr-system' content='tesseract 3.04.00' />
  <meta name='ocr-capabilities' content='ocr_page ocr_carea ocr_par ocr_line ocrx_word'/>
</head>
<body>
  <div class='ocr_page' id='page_1' title='image "./devaticanicodic00eggegoog_0035.png"; bbox 0 0 3038 4760; ppageno 0'>
   <div class='ocr_carea' id='block_1_1' title="bbox 665 495 831 558">
    <p class='ocr_par' dir='ltr' id='par_1_1' title="bbox 665 495 831 558">
     <span class='ocr_line' id='line_1_1' title="bbox 665 495 831 558; baseline 0.006 -18"><span class='ocrx_word' id='word_1_1' title='bbox 665 495 831 558; x_wconf 65' lang='lat'><strong>..28-</strong></span> 
     </span>
    </p>
   </div>
   <div class='ocr_carea' id='block_1_2' title="bbox 221 679 1282 2656">
    <p class='ocr_par' dir='ltr' id='par_1_2' title="bbox 221 679 1282 2434">
     <span class='ocr_line' id='line_1_2' title="bbox 222 679 1281 767; baseline -0.001 -21"><span class='ocrx_word' id='word_1_2' title='bbox 222 687 276 746; x_wconf 79' lang='grc' dir='ltr'>καῐ</span> <span class='ocrx_word' id='word_1_3' title='bbox 311 682 497 764; x_wconf 72' lang='grc' dir='ltr'><strong><em>ξύμπαντες</em></strong></span> <span class='ocrx_word' id='word_1_4' title='bbox 529 679 617 767; x_wconf 79' lang='grc' dir='ltr'><strong><em>πλὴν</em></strong></span> <span class='ocrx_word' id='word_1_5' title='bbox 651 683 716 746; x_wconf 82' lang='grc' dir='ltr'><strong><em>τῶν</em></strong></span> <span class='ocrx_word' id='word_1_6' title='bbox 753 679 885 746; x_wconf 74' lang='grc' dir='ltr'><strong><em>ἱππέοιν</em></strong></span> <span class='ocrx_word' id='word_1_7' title='bbox 919 679 951 746; x_wconf 75' lang='grc' dir='ltr'>οἱ</span> <span class='ocrx_word' id='word_1_8' title='bbox 983 687 1044 762; x_wconf 78' lang='grc' dir='ltr'><strong><em>μὲν</em></strong></span> <span class='ocrx_word' id='word_1_9' title='bbox 1077 682 1130 766; x_wconf 80' lang='grc' dir='ltr'>ἐφ’</span> <span class='ocrx_word' id='word_1_10' title='bbox 1163 681 1281 758; x_wconf 77' lang='grc' dir='ltr'><strong><em>ὅπλοις</em></strong></span> 
     </span>
     <span class='ocr_line' id='line_1_3' title="bbox 223 791 1282 876; baseline -0.003 -18"><span class='ocrx_word' id='word_1_11' title='bbox 223 795 462 876; x_wconf 78' lang='grc' dir='ltr'><strong><em>ποιούμενοι</em></strong></span> <span class='ocrx_word' id='word_1_12' title='bbox 500 791 532 857; x_wconf 76' lang='grc' dir='ltr'>οἳ</span> <span class='ocrx_word' id='word_1_13' title='bbox 571 793 616 858; x_wconf 72' lang='grc' dir='ltr'>δ”</span> <span class='ocrx_word' id='word_1_14' title='bbox 638 795 692 856; x_wconf 72' lang='grc' dir='ltr'>ἐπὶ</span> <span class='ocrx_word' id='word_1_15' title='bbox 727 796 784 858; x_wconf 75' lang='grc' dir='ltr'>τοῦ</span> <span class='ocrx_word' id='word_1_16' title='bbox 822 796 947 874; x_wconf 78' lang='grc' dir='ltr'><strong><em>τείχους</em></strong></span> <span class='ocrx_word' id='word_1_17' title='bbox 983 800 1036 858; x_wconf 77' lang='grc' dir='ltr'>καὶ</span> <span class='ocrx_word' id='word_1_18' title='bbox 1073 797 1192 876; x_wconf 87' lang='grc' dir='ltr'><strong><em>θέρους</em></strong></span> <span class='ocrx_word' id='word_1_19' title='bbox 1226 799 1282 855; x_wconf 82' lang='grc' dir='ltr'>καὶ</span> 
     </span>
     <span class='ocr_line' id='line_1_4' title="bbox 221 903 1278 990; baseline 0 -22"><span class='ocrx_word' id='word_1_20' title='bbox 221 909 381 988; x_wconf 82' lang='grc' dir='ltr'><strong><em>χειμῶνος</em></strong></span> <span class='ocrx_word' id='word_1_21' title='bbox 414 905 708 986; x_wconf 76' lang='grc' dir='ltr'><strong><em>ἐταλαιπωροῦντο.</em></strong></span> <span class='ocrx_word' id='word_1_22' title='bbox 765 903 842 968; x_wconf 86' lang='lat' dir='ltr'>Vat.</span> <span class='ocrx_word' id='word_1_23' title='bbox 880 927 944 969; x_wconf 88' lang='grc' dir='ltr'>που</span> <span class='ocrx_word' id='word_1_24' title='bbox 977 927 1035 990; x_wconf 92' lang='lat' dir='ltr'>pro</span> <span class='ocrx_word' id='word_1_25' title='bbox 1072 907 1278 988; x_wconf 70' lang='grc' dir='ltr'><strong><em>ποιούμενοι.</em></strong></span> 
     </span>
     <span class='ocr_line' id='line_1_5' title="bbox 222 1001 1280 1100; baseline -0.001 -21"><span class='ocrx_word' id='word_1_26' title='bbox 222 1016 354 1080; x_wconf 80' lang='lat' dir='ltr'><strong>Frustra</strong></span> <span class='ocrx_word' id='word_1_27' title='bbox 380 1001 456 1080; x_wconf 86' lang='lat' dir='ltr'>sane</span> <span class='ocrx_word' id='word_1_28' title='bbox 484 1036 614 1100; x_wconf 90' lang='lat' dir='ltr'>operam</span> <span class='ocrx_word' id='word_1_29' title='bbox 644 1015 802 1079; x_wconf 85' lang='lat' dir='ltr'>dederunt</span> <span class='ocrx_word' id='word_1_30' title='bbox 828 1016 889 1078; x_wconf 85' lang='lat' dir='ltr'>viri</span> <span class='ocrx_word' id='word_1_31' title='bbox 917 1016 1019 1096; x_wconf 85' lang='lat' dir='ltr'>docti,</span> <span class='ocrx_word' id='word_1_32' title='bbox 1050 1025 1085 1079; x_wconf 91' lang='lat' dir='ltr'>ut</span> <span class='ocrx_word' id='word_1_33' title='bbox 1112 1037 1153 1080; x_wconf 81' lang='lat' dir='ltr'>cx</span> <span class='ocrx_word' id='word_1_34' title='bbox 1185 1016 1280 1100; x_wconf 89' lang='lat' dir='ltr'>parti-</span> 
     </span>
     <span class='ocr_line' id='line_1_6' title="bbox 222 1127 1280 1212; baseline 0 -21"><span class='ocrx_word' id='word_1_35' title='bbox 222 1127 306 1211; x_wconf 90' lang='lat' dir='ltr'>cipio</span> <span class='ocrx_word' id='word_1_36' title='bbox 335 1131 529 1210; x_wconf 78' lang='grc' dir='ltr'><strong><em>ποιούμενοι</em></strong></span> <span class='ocrx_word' id='word_1_37' title='bbox 560 1147 685 1190; x_wconf 90' lang='lat' dir='ltr'>sensum</span> <span class='ocrx_word' id='word_1_38' title='bbox 704 1127 892 1208; x_wconf 82' lang='lat' dir='ltr'>efficerent,</span> <span class='ocrx_word' id='word_1_39' title='bbox 926 1128 994 1191; x_wconf 82' lang='lat' dir='ltr'>sive</span> <span class='ocrx_word' id='word_1_40' title='bbox 1024 1148 1064 1191; x_wconf 86' lang='lat' dir='ltr'>ex</span> <span class='ocrx_word' id='word_1_41' title='bbox 1101 1128 1280 1212; x_wconf 85' lang='grc' dir='ltr'><strong><em>φυλάσσειν</em></strong></span> 
     </span>
     <span class='ocr_line' id='line_1_7' title="bbox 222 1237 1280 1322; baseline -0.001 -21"><span class='ocrx_word' id='word_1_42' title='bbox 222 1239 449 1302; x_wconf 86' lang='lat' dir='ltr'>intellexerunt</span> <span class='ocrx_word' id='word_1_43' title='bbox 471 1237 629 1322; x_wconf 78' lang='grc' dir='ltr'><strong><em>φυλανίγν,</em></strong></span> <span class='ocrx_word' id='word_1_44' title='bbox 652 1237 719 1300; x_wconf 90' lang='lat' dir='ltr'>sive</span> <span class='ocrx_word' id='word_1_45' title='bbox 742 1237 972 1321; x_wconf 89' lang='lat' dir='ltr'>copulaverunt</span> <span class='ocrx_word' id='word_1_46' title='bbox 988 1239 1087 1303; x_wconf 81' lang='grc' dir='ltr'><strong><em>νύκτα</em></strong></span> <span class='ocrx_word' id='word_1_47' title='bbox 1107 1241 1280 1303; x_wconf 75' lang='grc' dir='ltr'><strong><em>ποιεῖσθαι</em></strong></span> 
     </span>
     <span class='ocr_line' id='line_1_8' title="bbox 223 1348 1281 1434; baseline 0 -22"><span class='ocrx_word' id='word_1_48' title='bbox 223 1349 421 1434; x_wconf 80' lang='lat' dir='ltr'>explicantes</span> <span class='ocrx_word' id='word_1_49' title='bbox 444 1357 569 1414; x_wconf 89' lang='lat' dir='ltr'>noctem</span> <span class='ocrx_word' id='word_1_50' title='bbox 587 1348 773 1430; x_wconf 81' lang='lat' dir='ltr'><strong>transigere,</strong></span> <span class='ocrx_word' id='word_1_51' title='bbox 797 1370 878 1432; x_wconf 87' lang='lat' dir='ltr'>quae</span> <span class='ocrx_word' id='word_1_52' title='bbox 895 1350 957 1413; x_wconf 89' lang='lat' dir='ltr'>duo</span> <span class='ocrx_word' id='word_1_53' title='bbox 975 1350 1142 1414; x_wconf 82' lang='lat' dir='ltr'>conamina</span> <span class='ocrx_word' id='word_1_54' title='bbox 1158 1350 1281 1434; x_wconf 87' lang='lat' dir='ltr'>pariter</span> 
     </span>
     <span class='ocr_line' id='line_1_9' title="bbox 223 1459 1281 1544; baseline 0 -20"><span class='ocrx_word' id='word_1_55' title='bbox 223 1469 296 1525; x_wconf 90' lang='lat' dir='ltr'>sunt</span> <span class='ocrx_word' id='word_1_56' title='bbox 317 1461 510 1544; x_wconf 85' lang='lat' dir='ltr'>rejectanea.</span> <span class='ocrx_word' id='word_1_57' title='bbox 549 1459 614 1524; x_wconf 85' lang='lat' dir='ltr'>Sed</span> <span class='ocrx_word' id='word_1_58' title='bbox 637 1481 730 1542; x_wconf 89' lang='lat' dir='ltr'>quam</span> <span class='ocrx_word' id='word_1_59' title='bbox 751 1461 939 1544; x_wconf 79' lang='lat' dir='ltr'>scripturam</span> <span class='ocrx_word' id='word_1_60' title='bbox 955 1462 1131 1524; x_wconf 82' lang='lat' dir='ltr'>Vaticanus</span> <span class='ocrx_word' id='word_1_61' title='bbox 1146 1461 1281 1544; x_wconf 86' lang='lat' dir='ltr'>praebet</span> 
     </span>
     <span class='ocr_line' id='line_1_10' title="bbox 223 1571 1280 1657; baseline -0.001 -21"><span class='ocrx_word' id='word_1_62' title='bbox 223 1595 300 1648; x_wconf 84' lang='grc' dir='ltr'><strong><em>που,</em></strong></span> <span class='ocrx_word' id='word_1_63' title='bbox 331 1593 370 1636; x_wconf 88' lang='lat' dir='ltr'>ca</span> <span class='ocrx_word' id='word_1_64' title='bbox 396 1573 481 1657; x_wconf 89' lang='lat' dir='ltr'>sapit</span> <span class='ocrx_word' id='word_1_65' title='bbox 510 1579 734 1636; x_wconf 85' lang='lat' dir='ltr'>correctorem.</span> <span class='ocrx_word' id='word_1_66' title='bbox 784 1571 888 1654; x_wconf 89' lang='lat' dir='ltr'>Hujus</span> <span class='ocrx_word' id='word_1_67' title='bbox 915 1572 999 1634; x_wconf 91' lang='lat' dir='ltr'>enim</span> <span class='ocrx_word' id='word_1_68' title='bbox 1024 1573 1113 1636; x_wconf 91' lang='lat' dir='ltr'>vocis</span> <span class='ocrx_word' id='word_1_69' title='bbox 1142 1573 1280 1636; x_wconf 87' lang='lat' dir='ltr'>inanitas</span> 
     </span>
     <span class='ocr_line' id='line_1_11' title="bbox 223 1683 1280 1765; baseline -0.001 -18"><span class='ocrx_word' id='word_1_70' title='bbox 223 1689 314 1747; x_wconf 89' lang='lat' dir='ltr'>tanta</span> <span class='ocrx_word' id='word_1_71' title='bbox 348 1691 413 1764; x_wconf 90' lang='lat' dir='ltr'>est,</span> <span class='ocrx_word' id='word_1_72' title='bbox 446 1691 482 1747; x_wconf 88' lang='lat' dir='ltr'>ut</span> <span class='ocrx_word' id='word_1_73' title='bbox 516 1683 596 1746; x_wconf 88' lang='lat' dir='ltr'>nihil</span> <span class='ocrx_word' id='word_1_74' title='bbox 627 1683 775 1746; x_wconf 87' lang='lat' dir='ltr'>videatur</span> <span class='ocrx_word' id='word_1_75' title='bbox 809 1683 960 1746; x_wconf 89' lang='lat' dir='ltr'>indicare.</span> <span class='ocrx_word' id='word_1_76' title='bbox 1016 1683 1085 1746; x_wconf 88' lang='lat' dir='ltr'>Iam</span> <span class='ocrx_word' id='word_1_77' title='bbox 1121 1703 1215 1765; x_wconf 85' lang='lat' dir='ltr'>vero,</span> <span class='ocrx_word' id='word_1_78' title='bbox 1253 1685 1280 1746; x_wconf 93' lang='lat' dir='ltr'>si</span> 
     </span>
     <span class='ocr_line' id='line_1_12' title="bbox 221 1793 1281 1879; baseline 0 -21"><span class='ocrx_word' id='word_1_79' title='bbox 221 1796 373 1878; x_wconf 84' lang='lat' dir='ltr'>respicias</span> <span class='ocrx_word' id='word_1_80' title='bbox 400 1795 579 1858; x_wconf 87' lang='lat' dir='ltr'>sentcntiae</span> <span class='ocrx_word' id='word_1_81' title='bbox 607 1793 907 1874; x_wconf 85' lang='lat' dir='ltr'>conformationem,</span> <span class='ocrx_word' id='word_1_82' title='bbox 939 1794 1156 1858; x_wconf 87' lang='lat' dir='ltr'>desideramus</span> <span class='ocrx_word' id='word_1_83' title='bbox 1184 1795 1281 1879; x_wconf 90' lang='lat' dir='ltr'>parti-</span> 
     </span>
     <span class='ocr_line' id='line_1_13' title="bbox 222 1903 1281 1996; baseline -0.002 -26"><span class='ocrx_word' id='word_1_84' title='bbox 222 1907 351 1990; x_wconf 89' lang='lat' dir='ltr'>cipium,</span> <span class='ocrx_word' id='word_1_85' title='bbox 380 1907 466 1996; x_wconf 90' lang='lat' dir='ltr'>quod</span> <span class='ocrx_word' id='word_1_86' title='bbox 492 1906 688 1990; x_wconf 86' lang='lat' dir='ltr'>respondeat</span> <span class='ocrx_word' id='word_1_87' title='bbox 714 1904 918 1967; x_wconf 81' lang='lat' dir='ltr'>antecedenti</span> <span class='ocrx_word' id='word_1_88' title='bbox 941 1903 1171 1987; x_wconf 80' lang='grc' dir='ltr'><strong><em>φυλάσσοντες.</em></strong></span> <span class='ocrx_word' id='word_1_89' title='bbox 1218 1907 1281 1969; x_wconf 88' lang='lat' dir='ltr'>Ita·</span> 
     </span>
     <span class='ocr_line' id='line_1_14' title="bbox 222 2015 1279 2101; baseline 0.001 -20"><span class='ocrx_word' id='word_1_90' title='bbox 222 2039 283 2101; x_wconf 88' lang='lat' dir='ltr'>quc</span> <span class='ocrx_word' id='word_1_91' title='bbox 305 2038 413 2081; x_wconf 84' lang='lat' dir='ltr'>veram</span> <span class='ocrx_word' id='word_1_92' title='bbox 436 2019 597 2101; x_wconf 78' lang='lat' dir='ltr'>ingressus</span> <span class='ocrx_word' id='word_1_93' title='bbox 620 2023 669 2082; x_wconf 90' lang='lat' dir='ltr'>est</span> <span class='ocrx_word' id='word_1_94' title='bbox 691 2016 776 2078; x_wconf 85' lang='lat' dir='ltr'>viam</span> <span class='ocrx_word' id='word_1_95' title='bbox 799 2015 973 2096; x_wconf 85' lang='lat' dir='ltr'>Kriigerus,</span> <span class='ocrx_word' id='word_1_96' title='bbox 1003 2016 1057 2098; x_wconf 89' lang='lat' dir='ltr'>qui</span> <span class='ocrx_word' id='word_1_97' title='bbox 1085 2017 1279 2101; x_wconf 80' lang='grc' dir='ltr'><strong><em>ποιούμενοι</em></strong></span> 
     </span>
     <span class='ocr_line' id='line_1_15' title="bbox 221 2126 1280 2212; baseline -0.001 -21"><span class='ocrx_word' id='word_1_98' title='bbox 221 2129 438 2212; x_wconf 87' lang='lat' dir='ltr'>proposuerit,</span> <span class='ocrx_word' id='word_1_99' title='bbox 468 2145 530 2207; x_wconf 87' lang='lat' dir='ltr'>qua</span> <span class='ocrx_word' id='word_1_100' title='bbox 557 2144 637 2187; x_wconf 83' lang='lat' dir='ltr'>voce</span> <span class='ocrx_word' id='word_1_101' title='bbox 664 2133 789 2189; x_wconf 88' lang='lat' dir='ltr'>tantum</span> <span class='ocrx_word' id='word_1_102' title='bbox 816 2126 920 2207; x_wconf 88' lang='lat' dir='ltr'>abest,</span> <span class='ocrx_word' id='word_1_103' title='bbox 951 2133 986 2190; x_wconf 92' lang='lat' dir='ltr'>ut</span> <span class='ocrx_word' id='word_1_104' title='bbox 1008 2147 1078 2190; x_wconf 91' lang='lat' dir='ltr'>cnm</span> <span class='ocrx_word' id='word_1_105' title='bbox 1102 2128 1280 2192; x_wconf 77' lang='grc' dir='ltr'><strong><em>ἐταλαιπω-</em></strong></span> 
     </span>
     <span class='ocr_line' id='line_1_16' title="bbox 222 2235 1280 2327; baseline 0 -23"><span class='ocrx_word' id='word_1_106' title='bbox 222 2243 338 2324; x_wconf 81' lang='grc' dir='ltr'><strong><em>ροῦντο</em></strong></span> <span class='ocrx_word' id='word_1_107' title='bbox 361 2239 562 2324; x_wconf 87' lang='lat' dir='ltr'>pleonasmus</span> <span class='ocrx_word' id='word_1_108' title='bbox 585 2235 748 2316; x_wconf 80' lang='lat' dir='ltr'>efficiatur,</span> <span class='ocrx_word' id='word_1_109' title='bbox 770 2243 805 2299; x_wconf 91' lang='lat' dir='ltr'>ut</span> <span class='ocrx_word' id='word_1_110' title='bbox 820 2237 910 2300; x_wconf 90' lang='lat' dir='ltr'>notio</span> <span class='ocrx_word' id='word_1_111' title='bbox 930 2237 1100 2327; x_wconf 82' lang='lat' dir='ltr'>laborandi</span> <span class='ocrx_word' id='word_1_112' title='bbox 1116 2241 1280 2324; x_wconf 85' lang='lat' dir='ltr'>aptissime</span> 
     </span>
     <span class='ocr_line' id='line_1_17' title="bbox 222 2359 444 2434; baseline -0.009 -20"><span class='ocrx_word' id='word_1_113' title='bbox 222 2359 444 2434; x_wconf 81' lang='lat' dir='ltr'>exaggeretur.</span> 
     </span>
    </p>

    <p class='ocr_par' dir='ltr' id='par_1_3' title="bbox 222 2455 1280 2656">
     <span class='ocr_line' id='line_1_18' title="bbox 327 2455 1280 2542; baseline 0 -18"><span class='ocrx_word' id='word_1_114' title='bbox 327 2463 375 2526; x_wconf 92' lang='lat' dir='ltr'>VI</span> <span class='ocrx_word' id='word_1_115' title='bbox 398 2461 483 2542; x_wconf 74' lang='lat'>99,2</span> <span class='ocrx_word' id='word_1_116' title='bbox 508 2508 516 2524; x_wconf 90' lang='lat'><em>.</em></span> <span class='ocrx_word' id='word_1_117' title='bbox 543 2507 550 2524; x_wconf 91' lang='lat'><em>.</em></span> <span class='ocrx_word' id='word_1_118' title='bbox 577 2507 584 2524; x_wconf 90' lang='lat'><strong>.</strong></span> <span class='ocrx_word' id='word_1_119' title='bbox 610 2455 825 2538; x_wconf 80' lang='grc' dir='ltr'><strong><em>ὑποτειχίζειν</em></strong></span> <span class='ocrx_word' id='word_1_120' title='bbox 848 2458 884 2523; x_wconf 75' lang='grc' dir='ltr'>δὲ</span> <span class='ocrx_word' id='word_1_121' title='bbox 907 2459 1046 2542; x_wconf 87' lang='grc' dir='ltr'><strong><em>ἄμεινον</em></strong></span> <span class='ocrx_word' id='word_1_122' title='bbox 1068 2461 1176 2526; x_wconf 76' lang='grc' dir='ltr'><strong><em>ἐδόκει</em></strong></span> <span class='ocrx_word' id='word_1_123' title='bbox 1193 2462 1280 2524; x_wconf 79' lang='grc' dir='ltr'><strong><em>εἶναι</em></strong></span> 
     </span>
     <span class='ocr_line' id='line_1_19' title="bbox 222 2569 1280 2656; baseline -0.002 -18"><span class='ocrx_word' id='word_1_124' title='bbox 222 2618 624 2638; x_wconf 87' lang='grc'><strong>...........</strong></span> <span class='ocrx_word' id='word_1_125' title='bbox 664 2575 718 2633; x_wconf 78' lang='grc' dir='ltr'>καὶ</span> <span class='ocrx_word' id='word_1_126' title='bbox 755 2569 902 2654; x_wconf 88' lang='grc' dir='ltr'><strong><em>φθάνειν</em></strong></span> <span class='ocrx_word' id='word_1_127' title='bbox 939 2573 991 2636; x_wconf 79' lang='lat' dir='ltr'>dr</span> <span class='ocrx_word' id='word_1_128' title='bbox 1028 2585 1095 2648; x_wconf 78' lang='grc' dir='ltr'><strong><em>τοῖς</em></strong></span> <span class='ocrx_word' id='word_1_129' title='bbox 1131 2584 1280 2656; x_wconf 80' lang='grc' dir='ltr'><strong><em>σταυροῖς</em></strong></span> 
     </span>
    </p>
   </div>
   <div class='ocr_carea' id='block_1_3' title="bbox 220 2678 1281 3326">
    <p class='ocr_par' dir='ltr' id='par_1_4' title="bbox 220 2678 1281 3326">
     <span class='ocr_line' id='line_1_20' title="bbox 221 2678 1281 2769; baseline -0.002 -19"><span class='ocrx_word' id='word_1_130' title='bbox 221 2685 591 2769; x_wconf 71' lang='grc' dir='ltr'><strong><em>προκαταλαμβάνοντες</em></strong></span> <span class='ocrx_word' id='word_1_131' title='bbox 629 2678 686 2756; x_wconf 79' lang='grc' dir='ltr'>τὰς</span> <span class='ocrx_word' id='word_1_132' title='bbox 724 2680 877 2764; x_wconf 77' lang='grc' dir='ltr'><strong><em>ἐφόδους.</em></strong></span> <span class='ocrx_word' id='word_1_133' title='bbox 927 2683 1003 2748; x_wconf 85' lang='lat' dir='ltr'>Vat.</span> <span class='ocrx_word' id='word_1_134' title='bbox 1042 2690 1096 2748; x_wconf 81' lang='grc' dir='ltr'>καὶ</span> <span class='ocrx_word' id='word_1_135' title='bbox 1133 2686 1281 2768; x_wconf 86' lang='grc' dir='ltr'><strong><em>φθάνειν</em></strong></span> 
     </span>
     <span class='ocr_line' id='line_1_21' title="bbox 220 2793 1279 2879; baseline 0.001 -20"><span class='ocrx_word' id='word_1_136' title='bbox 220 2793 342 2860; x_wconf 79' lang='grc' dir='ltr'><strong><em>αὐτοί.</em></strong></span> <span class='ocrx_word' id='word_1_137' title='bbox 383 2795 584 2879; x_wconf 85' lang='lat' dir='ltr'>Thucydides</span> <span class='ocrx_word' id='word_1_138' title='bbox 607 2793 758 2857; x_wconf 87' lang='lat' dir='ltr'>formavit</span> <span class='ocrx_word' id='word_1_139' title='bbox 780 2793 826 2856; x_wconf 91' lang='lat' dir='ltr'>sic</span> <span class='ocrx_word' id='word_1_140' title='bbox 848 2795 1036 2876; x_wconf 90' lang='lat' dir='ltr'>orationem,</span> <span class='ocrx_word' id='word_1_141' title='bbox 1058 2803 1093 2860; x_wconf 86' lang='lat' dir='ltr'>ut</span> <span class='ocrx_word' id='word_1_142' title='bbox 1117 2817 1156 2859; x_wconf 88' lang='lat' dir='ltr'>ex</span> <span class='ocrx_word' id='word_1_143' title='bbox 1173 2795 1279 2860; x_wconf 79' lang='grc' dir='ltr'><strong><em>ἐδόκει</em></strong></span> 
     </span>
     <span class='ocr_line' id='line_1_22' title="bbox 220 2905 1280 2992; baseline 0.001 -23"><span class='ocrx_word' id='word_1_144' title='bbox 220 2909 358 2972; x_wconf 88' lang='lat' dir='ltr'>voluerit</span> <span class='ocrx_word' id='word_1_145' title='bbox 379 2909 446 2991; x_wconf 90' lang='lat' dir='ltr'>peti</span> <span class='ocrx_word' id='word_1_146' title='bbox 469 2907 510 2970; x_wconf 93' lang='lat' dir='ltr'>ad</span> <span class='ocrx_word' id='word_1_147' title='bbox 533 2906 681 2990; x_wconf 88' lang='grc' dir='ltr'><strong><em>φθάνειν</em></strong></span> <span class='ocrx_word' id='word_1_148' title='bbox 699 2905 833 2988; x_wconf 90' lang='lat' dir='ltr'>putandi</span> <span class='ocrx_word' id='word_1_149' title='bbox 856 2907 997 2985; x_wconf 85' lang='lat' dir='ltr'>verbum,</span> <span class='ocrx_word' id='word_1_150' title='bbox 1026 2927 1120 2988; x_wconf 87' lang='lat' dir='ltr'>quam</span> <span class='ocrx_word' id='word_1_151' title='bbox 1142 2908 1280 2992; x_wconf 90' lang='lat' dir='ltr'>ellipsim</span> 
     </span>
     <span class='ocr_line' id='line_1_23' title="bbox 220 3013 1234 3103; baseline 0.001 -21"><span class='ocrx_word' id='word_1_152' title='bbox 220 3041 316 3103; x_wconf 85' lang='lat' dir='ltr'>quom</span> <span class='ocrx_word' id='word_1_153' title='bbox 338 3041 404 3083; x_wconf 90' lang='lat' dir='ltr'>non</span> <span class='ocrx_word' id='word_1_154' title='bbox 427 3019 632 3103; x_wconf 85' lang='lat' dir='ltr'>perspiceret,</span> <span class='ocrx_word' id='word_1_155' title='bbox 655 3016 880 3098; x_wconf 83' lang='lat' dir='ltr'>grammaticus</span> <span class='ocrx_word' id='word_1_156' title='bbox 903 3013 997 3082; x_wconf 79' lang='grc' dir='ltr'><strong><em>ου’τοί</em></strong></span> <span class='ocrx_word' id='word_1_157' title='bbox 1020 3017 1096 3084; x_wconf 89' lang='lat' dir='ltr'>fecit</span> <span class='ocrx_word' id='word_1_158' title='bbox 1118 3041 1157 3083; x_wconf 88' lang='lat' dir='ltr'>cx</span> <span class='ocrx_word' id='word_1_159' title='bbox 1181 3019 1234 3083; x_wconf 88' lang='grc' dir='ltr'><strong><em>άν.</em></strong></span> 
     </span>
     <span class='ocr_line' id='line_1_24' title="bbox 325 3124 1280 3217; baseline 0.002 -25"><span class='ocrx_word' id='word_1_160' title='bbox 325 3131 411 3194; x_wconf 88' lang='lat' dir='ltr'>VIII</span> <span class='ocrx_word' id='word_1_161' title='bbox 435 3130 462 3209; x_wconf 86' lang='lat'>1,</span> <span class='ocrx_word' id='word_1_162' title='bbox 487 3130 503 3191; x_wconf 92' lang='grc'>1</span> <span class='ocrx_word' id='word_1_163' title='bbox 534 3127 566 3202; x_wconf 78' lang='grc' dir='ltr'>ἐς</span> <span class='ocrx_word' id='word_1_164' title='bbox 593 3126 628 3191; x_wconf 79' lang='grc' dir='ltr'>δὲ</span> <span class='ocrx_word' id='word_1_165' title='bbox 655 3127 712 3202; x_wconf 86' lang='grc' dir='ltr'>τὰς</span> <span class='ocrx_word' id='word_1_166' title='bbox 737 3124 885 3212; x_wconf 73' lang='grc' dir='ltr'><strong><em>Ἀθήνας</em></strong></span> <span class='ocrx_word' id='word_1_167' title='bbox 909 3127 1024 3213; x_wconf 77' lang='grc' dir='ltr'><strong><em>ἐπειδὴ</em></strong></span> <span class='ocrx_word' id='word_1_168' title='bbox 1048 3127 1199 3217; x_wconf 78' lang='grc' dir='ltr'><strong><em>ἠγγέλθη,</em></strong></span> <span class='ocrx_word' id='word_1_169' title='bbox 1223 3131 1280 3194; x_wconf 78' lang='grc' dir='ltr'>ἐπὶ</span> 
     </span>
     <span class='ocr_line' id='line_1_25' title="bbox 220 3237 1280 3326; baseline -0.002 -21"><span class='ocrx_word' id='word_1_170' title='bbox 220 3241 307 3306; x_wconf 83' lang='grc' dir='ltr'><strong><em>πολὺ</em></strong></span> <span class='ocrx_word' id='word_1_171' title='bbox 339 3247 400 3324; x_wconf 74' lang='grc' dir='ltr'><strong><em>μὲν</em></strong></span> <span class='ocrx_word' id='word_1_172' title='bbox 432 3237 591 3326; x_wconf 82' lang='grc' dir='ltr'><strong><em>η’πίστουν</em></strong></span> <span class='ocrx_word' id='word_1_173' title='bbox 625 3243 679 3302; x_wconf 83' lang='grc' dir='ltr'>καὶ</span> <span class='ocrx_word' id='word_1_174' title='bbox 705 3250 772 3312; x_wconf 80' lang='grc' dir='ltr'><strong><em>τοῖς</em></strong></span> <span class='ocrx_word' id='word_1_175' title='bbox 803 3239 892 3302; x_wconf 86' lang='grc' dir='ltr'><strong><em>πάνυ</em></strong></span> <span class='ocrx_word' id='word_1_176' title='bbox 921 3244 985 3302; x_wconf 83' lang='grc' dir='ltr'><strong><em>τῶν</em></strong></span> <span class='ocrx_word' id='word_1_177' title='bbox 1013 3243 1212 3324; x_wconf 81' lang='grc' dir='ltr'><strong><em>στρατιωτῶν</em></strong></span> <span class='ocrx_word' id='word_1_178' title='bbox 1243 3239 1280 3316; x_wconf 74' lang='grc' dir='ltr'>ἐξ</span> 
     </span>
    </p>
   </div>
   <div class='ocr_carea' id='block_1_4' title="bbox 219 3349 1339 4213">
    <p class='ocr_par' dir='ltr' id='par_1_5' title="bbox 219 3349 1339 4213">
     <span class='ocr_line' id='line_1_26' title="bbox 221 3349 1279 3436; baseline -0.001 -24"><span class='ocrx_word' id='word_1_179' title='bbox 221 3351 321 3418; x_wconf 68' lang='grc' dir='ltr'><strong><em>αὐτοῦ</em></strong></span> <span class='ocrx_word' id='word_1_180' title='bbox 349 3356 405 3418; x_wconf 67' lang='lat' dir='ltr'>wis</span> <span class='ocrx_word' id='word_1_181' title='bbox 432 3350 527 3436; x_wconf 84' lang='grc' dir='ltr'><strong><em>ε”ργοιι</em></strong></span> <span class='ocrx_word' id='word_1_182' title='bbox 555 3349 773 3434; x_wconf 85' lang='grc' dir='ltr'><strong><em>διαπεφεγόσι</em></strong></span> <span class='ocrx_word' id='word_1_183' title='bbox 803 3356 855 3412; x_wconf 74' lang='grc' dir='ltr'>καὶ</span> <span class='ocrx_word' id='word_1_184' title='bbox 885 3356 998 3434; x_wconf 80' lang='grc' dir='ltr'><strong><em>σαφῶς</em></strong></span> <span class='ocrx_word' id='word_1_185' title='bbox 1020 3350 1214 3433; x_wconf 77' lang='grc' dir='ltr'><strong><em>ἀγγέλλουσι</em></strong></span> <span class='ocrx_word' id='word_1_186' title='bbox 1236 3350 1279 3434; x_wconf 77' lang='grc' dir='ltr'>μὴ</span> 
     </span>
     <span class='ocr_line' id='line_1_27' title="bbox 220 3460 1279 3545; baseline -0.002 -17"><span class='ocrx_word' id='word_1_187' title='bbox 220 3464 302 3528; x_wconf 78' lang='grc' dir='ltr'><strong><em>οὕτω</em></strong></span> <span class='ocrx_word' id='word_1_188' title='bbox 335 3489 371 3544; x_wconf 85' lang='grc' dir='ltr'>γε</span> <span class='ocrx_word' id='word_1_189' title='bbox 404 3465 452 3528; x_wconf 75' lang='grc' dir='ltr'><strong><em>ἄν</em></strong></span> <span class='ocrx_word' id='word_1_190' title='bbox 485 3461 628 3527; x_wconf 78' lang='grc' dir='ltr'><strong><em>πασσυδὶ</em></strong></span> <span class='ocrx_word' id='word_1_191' title='bbox 662 3460 882 3545; x_wconf 80' lang='grc' dir='ltr'><strong><em>διεφθάρθαι.</em></strong></span> <span class='ocrx_word' id='word_1_192' title='bbox 940 3463 1017 3526; x_wconf 82' lang='lat' dir='ltr'>Vat.</span> <span class='ocrx_word' id='word_1_193' title='bbox 1053 3462 1136 3527; x_wconf 83' lang='grc' dir='ltr'><strong><em>οὕτω</em></strong></span> <span class='ocrx_word' id='word_1_194' title='bbox 1174 3461 1279 3542; x_wconf 80' lang='grc' dir='ltr'><strong><em>ἄγαν</em></strong></span> 
     </span>
     <span class='ocr_line' id='line_1_28' title="bbox 220 3561 1339 3658; baseline -0.003 -19"><span class='ocrx_word' id='word_1_195' title='bbox 220 3575 365 3639; x_wconf 77' lang='grc' dir='ltr'><strong><em>πασσυδὶ</em></strong></span> <span class='ocrx_word' id='word_1_196' title='bbox 398 3575 621 3658; x_wconf 81' lang='grc' dir='ltr'><strong><em>διεφθάρθαι.</em></strong></span> <span class='ocrx_word' id='word_1_197' title='bbox 680 3572 719 3634; x_wconf 93' lang='lat' dir='ltr'>In</span> <span class='ocrx_word' id='word_1_198' title='bbox 753 3571 904 3635; x_wconf 81' lang='lat' dir='ltr'>Vaticani</span> <span class='ocrx_word' id='word_1_199' title='bbox 940 3575 1097 3658; x_wconf 87' lang='lat' dir='ltr'>scriptura</span> <span class='ocrx_word' id='word_1_200' title='bbox 1129 3573 1280 3656; x_wconf 88' lang='lat' dir='ltr'>displicet</span> <span class='ocrx_word' id='word_1_201' title='bbox 1336 3561 1339 3567; x_wconf 18' lang='grc' dir='ltr'><strong>Δ</strong></span> 
     </span>
     <span class='ocr_line' id='line_1_29' title="bbox 219 3683 1278 3767; baseline -0.006 -16"><span class='ocrx_word' id='word_1_202' title='bbox 219 3687 403 3766; x_wconf 86' lang='lat' dir='ltr'>cumulatio,</span> <span class='ocrx_word' id='word_1_203' title='bbox 438 3707 500 3767; x_wconf 86' lang='lat' dir='ltr'>qua</span> <span class='ocrx_word' id='word_1_204' title='bbox 532 3685 657 3748; x_wconf 88' lang='lat' dir='ltr'>accedit</span> <span class='ocrx_word' id='word_1_205' title='bbox 687 3683 775 3764; x_wconf 89' lang='grc' dir='ltr'><strong><em>άγαν</em></strong></span> <span class='ocrx_word' id='word_1_206' title='bbox 808 3685 850 3746; x_wconf 92' lang='lat' dir='ltr'>ad</span> <span class='ocrx_word' id='word_1_207' title='bbox 884 3684 1027 3747; x_wconf 83' lang='grc' dir='ltr'><strong><em>πασσυδί</em></strong></span> <span class='ocrx_word' id='word_1_208' title='bbox 1057 3705 1160 3767; x_wconf 88' lang='lat' dir='ltr'>neque</span> <span class='ocrx_word' id='word_1_209' title='bbox 1196 3687 1278 3747; x_wconf 87' lang='lat' dir='ltr'>hanc</span> 
     </span>
     <span class='ocr_line' id='line_1_30' title="bbox 220 3793 1274 3877; baseline -0.007 -14"><span class='ocrx_word' id='word_1_210' title='bbox 220 3799 427 3863; x_wconf 87' lang='lat' dir='ltr'>offensionem</span> <span class='ocrx_word' id='word_1_211' title='bbox 455 3795 530 3859; x_wconf 85' lang='lat' dir='ltr'>milri</span> <span class='ocrx_word' id='word_1_212' title='bbox 557 3797 675 3858; x_wconf 87' lang='lat' dir='ltr'>exemit</span> <span class='ocrx_word' id='word_1_213' title='bbox 702 3796 866 3877; x_wconf 80' lang='lat' dir='ltr'>Kriigerus</span> <span class='ocrx_word' id='word_1_214' title='bbox 895 3795 1012 3859; x_wconf 89' lang='lat' dir='ltr'>collato</span> <span class='ocrx_word' id='word_1_215' title='bbox 1041 3795 1113 3858; x_wconf 92' lang='lat' dir='ltr'>loco</span> <span class='ocrx_word' id='word_1_216' title='bbox 1144 3793 1233 3874; x_wconf 79' lang='lat'>175,</span> <span class='ocrx_word' id='word_1_217' title='bbox 1259 3795 1274 3856; x_wconf 94' lang='grc'>1</span> 
     </span>
     <span class='ocr_line' id='line_1_31' title="bbox 220 3903 1314 3994; baseline -0.005 -21"><span class='ocrx_word' id='word_1_218' title='bbox 220 3911 273 3994; x_wconf 81' lang='lat' dir='ltr'>qui</span> <span class='ocrx_word' id='word_1_219' title='bbox 299 3910 387 3974; x_wconf 89' lang='lat' dir='ltr'>locus</span> <span class='ocrx_word' id='word_1_220' title='bbox 414 3928 452 3972; x_wconf 90' lang='lat' dir='ltr'>ea</span> <span class='ocrx_word' id='word_1_221' title='bbox 478 3927 513 3970; x_wconf 90' lang='lat' dir='ltr'>re</span> <span class='ocrx_word' id='word_1_222' title='bbox 541 3907 684 3970; x_wconf 84' lang='lat' dir='ltr'>diversus</span> <span class='ocrx_word' id='word_1_223' title='bbox 710 3913 772 3986; x_wconf 87' lang='lat' dir='ltr'>est,</span> <span class='ocrx_word' id='word_1_224' title='bbox 799 3907 884 3989; x_wconf 83' lang='lat' dir='ltr'>quod</span> <span class='ocrx_word' id='word_1_225' title='bbox 913 3906 1054 3986; x_wconf 69' lang='lat' dir='ltr'>dirueret</span> <span class='ocrx_word' id='word_1_226' title='bbox 1079 3903 1278 3984; x_wconf 76' lang='grc' dir='ltr'><strong><em>ἐπιφθόνοις</em></strong></span> <span class='ocrx_word' id='word_1_227' title='bbox 1310 3960 1314 3967; x_wconf 96' lang='grc'><strong><em>.</em></strong></span> 
     </span>
     <span class='ocr_line' id='line_1_32' title="bbox 219 4015 1277 4104; baseline -0.007 -19"><span class='ocrx_word' id='word_1_228' title='bbox 219 4043 283 4085; x_wconf 94' lang='lat' dir='ltr'>non</span> <span class='ocrx_word' id='word_1_229' title='bbox 306 4027 379 4085; x_wconf 91' lang='lat' dir='ltr'>sunt</span> <span class='ocrx_word' id='word_1_230' title='bbox 400 4039 582 4104; x_wconf 85' lang='lat' dir='ltr'>synonyma,</span> <span class='ocrx_word' id='word_1_231' title='bbox 606 4017 692 4097; x_wconf 85' lang='grc' dir='ltr'><strong><em>ἄγαν</em></strong></span> <span class='ocrx_word' id='word_1_232' title='bbox 713 4025 746 4081; x_wconf 90' lang='lat' dir='ltr'>et</span> <span class='ocrx_word' id='word_1_233' title='bbox 769 4017 912 4082; x_wconf 78' lang='grc' dir='ltr'><strong><em>πασσυδί</em></strong></span> <span class='ocrx_word' id='word_1_234' title='bbox 935 4026 1016 4082; x_wconf 91' lang='lat' dir='ltr'>sunt.</span> <span class='ocrx_word' id='word_1_235' title='bbox 1056 4015 1277 4080; x_wconf 83' lang='lat' dir='ltr'>Grammatico</span> 
     </span>
     <span class='ocr_line' id='line_1_33' title="bbox 220 4127 1278 4213; baseline -0.007 -15"><span class='ocrx_word' id='word_1_236' title='bbox 220 4140 326 4199; x_wconf 86' lang='lat' dir='ltr'>autem</span> <span class='ocrx_word' id='word_1_237' title='bbox 350 4139 385 4197; x_wconf 93' lang='lat' dir='ltr'>ut</span> <span class='ocrx_word' id='word_1_238' title='bbox 406 4131 528 4198; x_wconf 87' lang='lat' dir='ltr'>tribuas</span> <span class='ocrx_word' id='word_1_239' title='bbox 550 4128 648 4209; x_wconf 80' lang='grc' dir='ltr'><strong><em>ἄγαν,</em></strong></span> <span class='ocrx_word' id='word_1_240' title='bbox 672 4130 846 4212; x_wconf 86' lang='lat' dir='ltr'>adduceris,</span> <span class='ocrx_word' id='word_1_241' title='bbox 870 4129 896 4193; x_wconf 89' lang='lat' dir='ltr'>si</span> <span class='ocrx_word' id='word_1_242' title='bbox 919 4127 1100 4196; x_wconf 82' lang='lat' dir='ltr'>consideres</span> <span class='ocrx_word' id='word_1_243' title='bbox 1116 4127 1278 4213; x_wconf 83' lang='lat' dir='ltr'>vulgatam</span> 
     </span>
    </p>
   </div>
   <div class='ocr_carea' id='block_1_5' title="bbox 0 0 1524 4757">
    <p class='ocr_par' dir='ltr' id='par_1_6' title="bbox 0 0 1524 4757">
     <span class='ocr_line' id='line_1_34' title="bbox 0 0 1524 4757; baseline 0 0"><span class='ocrx_word' id='word_1_244' title='bbox 0 0 1524 4757; x_wconf 95' lang='lat' dir='ltr'> </span> 
     </span>
    </p>
   </div>
  </div>
 </body>
</html>
