3038 4760
619 479 833 584 fec-.-

222 672 423 740 Aicibiadem
455 695 608 738 revocare
641 675 814 740 statuerint
840 674 910 759 (ciri
936 675 1021 739 VIII
1049 675 1114 760 76).
1157 674 1280 740 Verum

111 815 120 828 =
223 794 280 868 est,
304 786 390 870 quod
412 786 531 868 legitur
553 787 586 849 in
600 787 760 850 Vaticano
783 789 837 872 της
858 785 956 870 αὐτῆς
977 789 1116 874 γνώμης.
1139 826 1180 835 -
1204 785 1281 852 Sub-

223 900 370 963 sistamus
397 898 430 960 in
457 898 505 961 his
532 897 697 982 exemplis,
728 918 916 980 quamquam
945 905 1078 981 possunt
1100 899 1164 962 alia
1185 900 1282 982 adjici

222 1008 310 1072 velut
332 1007 398 1070 VII
420 1008 471 1089 67,
493 1008 513 1072 2
535 1013 589 1072 καὶ
611 1003 669 1073 οὐκ
691 1005 888 1092 ἀνάρμοστοι
912 1004 996 1088 πρὸς
1016 1011 1152 1075 ἕκαστον
1171 1012 1281 1095 (Vulg.

222 1121 324 1184 minus
351 1125 425 1202 apte
458 1116 514 1205 τὴν
548 1118 699 1203 ἑκάστην)
733 1116 842 1182 αὐτῶν
874 1118 1031 1201 ἐσόμεθα.
1077 1119 1161 1183 VIII
1187 1119 1282 1201 53‚2

222 1228 329 1315 ἠρώτα
352 1279 360 1294 .
386 1281 392 1296 .
418 1277 426 1294 .
452 1279 460 1296 .
486 1233 517 1294 εί
537 1255 610 1304 τινα
633 1229 741 1314 (Vulg.
766 1229 893 1314 ἥντινα)
911 1229 1032 1295 ἐλπίδα
1048 1230 1112 1312 ἔχει
1129 1237 1283 1317 σωτηρίας

223 1345 258 1434 τῇ
283 1341 390 1407 πόλει,
417 1378 454 1387 -

328 1452 430 1530 Quom
446 1453 629 1516 vVaticanus
660 1473 679 1514 a
711 1454 826 1516 ceteris
849 1439 1011 1516 codicibus
1035 1451 1163 1516 omnino
1185 1454 1282 1536 longe

223 1566 328 1645 distet,
356 1585 420 1627 non
442 1563 574 1640 mireris,
604 1563 630 1626 si
653 1563 731 1626 haec
755 1563 907 1626 distantia
928 1564 1064 1627 maxime
1087 1564 1228 1627 cernitur
1250 1565 1283 1627 in

189 1551 358 1778 Nninutis,
381 1676 414 1738 in
436 1675 550 1757 quibus
572 1695 632 1758 pro
649 1675 697 1736 rei
713 1682 828 1738 natura
844 1675 992 1739 facillime
1012 1675 1139 1738 codices
1159 1675 1283 1757 digredi

222 1787 337 1852 solent.

328 1897 467 1960 Primum
503 1896 601 1977 igitur
636 1896 804 1960 dicendum
839 1905 888 1961 est
921 1898 960 1962 de
992 1897 1284 1979 praepositionibus

222 2030 353 2092 quarum
374 2007 440 2091 πρό
465 2013 498 2069 et
521 2009 614 2090 πρός,
640 2009 685 2082 είς
708 2015 742 2072 et
765 2008 812 2080 ἒν,
837 2009 882 2082 εἰς
904 2013 937 2069 et
959 2007 1023 2081 ἐπί,
1049 2008 1132 2091 πρός
1155 2018 1188 2072 et
1202 2011 1283 2074 κατά

221 2122 339 2205 passim
361 2117 605 2183 confunduntur.
652 2119 789 2201 Propius
811 2120 993 2182 intueamur
1015 2119 1082 2180 VII
1097 2120 1126 2199 2,
1149 2120 1171 2182 4
1194 2119 1285 2201 ἔτυχε

224 2234 260 2297 δὲ
293 2231 374 2295 κατὰ
407 2232 501 2294 τοῦτο
534 2232 649 2313 καιροῦ
678 2229 802 2304 ἐλθών,
838 2231 874 2293 ἐν
904 2228 929 2316 ᾧ
957 2228 1038 2292 ἑπτά
1066 2236 1126 2313 μὲν
1155 2233 1174 2316 ἢ
1202 2227 1284 2296 δκτδι

223 2341 363 2406 σταδίων
389 2341 450 2427 ἢδη
477 2338 704 2404 άπετετέλεστο
734 2351 801 2416 τοῖς
828 2340 1024 2423 Ἀθηναίοις
1046 2340 1080 2415 ἐς
1101 2338 1159 2405 τὸν
1181 2345 1285 2424 μέγαν

223 2453 338 2537 λιμένα
366 2452 507 2518 διπλοῦν
537 2463 641 2532 τεῖχος
669 2449 755 2537 πλὴν
783 2451 864 2516 κατὰ
887 2454 991 2534 βραχύ
1015 2449 1100 2516 τιτὸ
1124 2452 1207 2536 πρὸς
1231 2452 1286 2538 τὴν

222 2564 408 2628 θάλασσαν.
464 2564 540 2626 Vat.
579 2561 665 2647 πλην
704 2563 798 2645 παρὰ
832 2563 968 2646 βραχάτι
1002 2565 1161 2645 quomodo
1196 2563 1283 2646 loqui

222 2676 363 2759 potuisse
387 2674 606 2759 Thucydidem
639 2653 807 2737 Classen'ns
836 2675 911 2737 1nihi
938 2695 1003 2738 non
1028 2676 1186 2758 persuasit
1214 2696 1285 2740 con·

222 2786 326 2850 ferens
364 2805 444 2868 qnae
482 2787 514 2847 in
552 2785 694 2868 ejusdem
732 2785 846 2867 capitis
884 2787 972 2849 exitu
1008 2787 1158 2868 leguntur
1191 2785 1285 2869 παρὰ

222 2899 400 2962 τοσοῐινιον
422 2903 483 2979 μὲν
497 2897 692 2978 Συρακόσιοι
716 2894 824 2979 ἦλθον
839 2897 1003 2972 κινδύνου,
1022 2899 1070 2961 cni
1087 2898 1159 2962 loco
1175 2906 1285 2961 noster

221 3009 309 3074 locus
332 3016 398 3072 turn
421 3007 546 3071 denium
568 3008 679 3070 similis
703 3016 795 3088 esset,
818 3008 845 3070 si
868 3010 996 3072 abesset
1011 3009 1105 3095 πλην,
1124 3030 1205 3092 quae
1221 3030 1284 3074 vox

158 3143 163 3158 ·
222 3141 292 3184 curn
315 3119 555 3202 praepositione
579 3119 672 3200 παρά
695 3120 923 3183 abundantiam
945 3121 1105 3201 quandam
1128 3120 1234 3183 efficit.

326 3231 394 3293 VII
420 3229 470 3311 57,
499 3231 518 3294 8
551 3237 605 3294 καὶ
637 3228 668 3294 oi
704 3233 884 3316 Μεσσήνιοι
921 3233 982 3294 νῦν
1015 3230 1212 3314 καλούμενοι
1249 3231 1286 3294 ἐν

221 3343 406 3427 Ναυπάκτῳ
436 3345 489 3404 καὶ
515 3339 550 3402 ἐκ
572 3341 686 3405 Πύλου
716 3342 787 3404 τότε
823 3339 878 3404 ὑπ’
916 3339 1108 3428 Ἀθηναίων
1131 3343 1286 3428 ἐχομένης

221 3455 255 3530 ἐς
291 3454 348 3518 τὸν
384 3451 530 3533 πόλεμον
567 3451 840 3536 παρελήφθησαν.
896 3452 972 3515 Vat.
1011 3454 1046 3516 ἐκ
1083 3455 1284 3518 Ναυπάκτου

222 3565 444 3629 Consentimus
475 3563 626 3627 Classeno
661 3562 788 3624 minime
820 3569 905 3626 stare
932 3563 1092 3646 Kruegeri
1119 3565 1285 3645 rationem,

222 3677 275 3758 qui
300 3696 394 3758 quom
422 3675 457 3739 ἐκ
484 3675 685 3740 Ναυπάκτου
709 3672 750 3736 ad
773 3673 1036 3760 παρελήφθησαν
1058 3676 1202 3757 traxerit,
1234 3695 1285 3738 ex-

221 3788 321 3872 plicat
348 3785 379 3852 oi
409 3788 590 3872 Μεσσήνιοι
618 3787 678 3851 νῦν
705 3783 898 3870 καλούμενοι
933 3786 1084 3850 Messenii
1113 3787 1166 3869 qui
1189 3787 1286 3851 norni-

221 3907 351 3980 nantur,
384 3919 449 3962 non
483 3907 565 3964 sunt.
610 3897 674 3962 Sed
708 3896 794 3980 quod
826 3897 895 3981 ipse
932 3898 1100 3962 Classenus
1132 3900 1285 3982 proponit

222 4010 423 4075 scribendum
445 4031 515 4075 esse
538 4011 575 4076 ἐν
590 4011 777 4097 Ναυπάκτῳ
800 4009 835 4073 ἐκ
851 4011 1053 4076 Ναυπάκτου
1068 4010 1169 4091 magis
1186 4011 1283 4072 etiarn

222 4121 372 4206 displicet
392 4121 469 4186 mihi
491 4121 585 4185 valde
608 4121 776 4206 dubitanti,
798 4143 873 4186 num
897 4121 955 4186 tali
974 4121 1187 4186 cumulatione
1211 4141 1284 4185 usus
