3038 4760
686 554 855 618 -443—

242 743 290 806 VI
309 745 370 807 104
393 742 410 811 ὁ
433 707 550 818 Νικίας
573 737 886 844 ποθόμενοςαῦτὸν
909 741 1134 824 προςπλέοντα
1150 739 1303 825 ὕπερεϊδε

136 885 139 890 ·
241 854 277 919 τὸ
301 855 434 939 πλῆθος
461 857 525 918 τῶν
549 856 643 918 νεῶν.

346 967 430 1029 VIII
452 967 502 1046 98,
528 967 544 1028 1
574 965 610 1028 ἐν
638 964 672 1028 di
696 969 732 1055 τῇ
754 963 920 1056 μεταβολῇ
943 929 1040 1060 τορύνῃ
1062 959 1164 1038 εὐθὺς
1188 960 1218 1027 οἱ
1242 967 1303 1044 μὲν
1405 939 1415 1050 ,’

244 1085 317 1164 περὶ
349 1077 405 1144 τὸν
432 1076 641 1162 Πείσανδρον
673 1081 727 1139 καὶ
747 1074 936 1154 Ἀλεξικλέα
964 1081 1019 1139 καὶ
1046 1075 1118 1141 ὅσοι
1145 1073 1228 1160 ἦσαν
1250 1075 1304 1158 τῆς

158 1196 160 1206 ’
240 1187 432 1278 ὀλιγαρχίας
463 1186 605 1271 μάλιστα
637 1183 872 1273 ὑαεξέρχονται
908 1188 940 1264 ἒς
973 1187 1030 1274 τὴν
1052 1185 1238 1266 Δεκέλειαν,
1269 1183 1303 1247 in

243 1302 403 1364 Vaticano
446 1297 548 1375 εὐθύς
588 1301 628 1362 ab
672 1299 708 1382 ἐν
745 1301 781 1390 τῇ
818 1291 980 1391 μεταβολῇ
1017 1298 1194 1382 sejungitur
1231 1303 1305 1381 post
1412 1319 1414 1332 ⁴

245 1411 477 1495 ὑπεξέρχονται
492 1411 631 1493 positum
647 1417 776 1493 praeter
791 1411 1053 1474 consuetudinem
1066 1409 1303 1494 Thucydidoam

219 1525 301 1598 scsr.
325 1525 409 1585 VIII
433 1523 460 1603 7,
486 1524 514 1585 1.
561 1522 666 1602 80,1.

348 1636 415 1698 VII
437 1633 530 1714 29,4
562 1631 728 1695 Olassenns
756 1631 852 1714 jubet
885 1633 930 1695 sic
953 1633 1104 1697 collocari
1128 1633 1304 1696 verbasci

244 1746 371 1821 παῖδας
406 1750 459 1808 καὶ
497 1755 654 1824 γυναῖκας
690 1764 771 1826 quae
809 1745 969 1828 scriptura
1005 1745 1032 1808 si
1064 1727 1125 1808 sio
1143 1743 1303 1807 Vaticano

218 1873 220 1878 ’
245 1833 471 1936 contineretur,
494 1876 559 1918 non
581 1855 675 1918 valde
698 1875 920 1939 repugnarem.
954 1855 1019 1920 Sed
1041 1877 1135 1938 quom
1159 1856 1192 1918 in
1214 1855 1304 1918 Vati-

246 1991 325 2034 cano
353 1971 408 2031 καλ
434 1968 530 2044 absit,
560 1968 659 2031 satius
682 1974 731 2030 est
754 1974 881 2031 ceteros
904 1967 1031 2030 codices
1054 1967 1183 2030 omnino
1206 1967 1304 2050 sequi,
1363 1983 1365 1989 ’

245 2101 338 2164 quam
360 2074 438 2143 duas
460 2080 632 2162 scripturas
656 2079 886 2161 conglutinare.
910 2118 950 2126 -

350 2189 551 2273 Saepissime,
575 2191 600 2254 si
625 2192 687 2254 duo
711 2192 811 2254 verba
833 2201 888 2255 aut
912 2191 1232 2256 membra'orationis
1247 2210 1306 2272 per

246 2307 277 2365 οὲ
299 2305 354 2365 καί
376 2303 555 2386 copulanda
578 2312 677 2381 erant,
700 2303 837 2366 nuncin
859 2303 1020 2366 Vaticano
1045 2301 1114 2385 (cfr.
1137 2299 1203 2362 VII
1219 2300 1303 2381 36,1

246 2414 279 2478 τό
302 2439 334 2478 τε
357 2412 440 2478 ἄλλο
464 2415 625 2482 ναυτικόν.
671 2418 729 2475 VII
755 2415 802 2494 12,
826 2415 846 2477 2
868 2418 910 2500 τῷ
934 2437 966 2476 τε
989 2413 1085 2499 πεζῷ.
1133 2417 1190 2474 VII
1212 2411 1262 2492 50,
1287 2414 1303 2475 1

248 2524 350 2610 ἄλλην
381 2551 414 2588 τε
447 2524 608 2606 στρατιάν.
655 2529 713 2612 VII
736 2525 829 2604 64,2
863 2526 941 2588 καθ’
976 2523 1132 2598 ἑκάστους
1164 2548 1208 2587 τε.
1249 2528 1306 2586 VII

249 2638 329 2716 80,1
354 2639 419 2700 τῶν
442 2619 474 2700 τε
490 2635 689 2721 ἐπιτηδείων.
736 2640 795 2698 VII
817 2638 867 2716 81,
890 2638 910 2699 2
934 2635 1126 2701 ἐκυκλοῦντό
1150 2659 1191 2698 τε.
1231 2639 1306 2697 VIII

247 2749 297 2828 46,
320 2749 340 2810 3
365 2751 519 2831 optutus).
548 2769 631 2810 nuno
658 2748 692 2809 in
714 2749 830 2812 ceteris
853 2749 1017 2812 codicibus
1041 2746 1109 2831 (cfr.
1133 2745 1307 2825 v1130,2

248 2863 487 2941 προεκθέοντές
508 2884 551 2923 τε.
590 2863 648 2921 VII
666 2859 729 2938 l,4
751 2861 808 2922 τοῦ
830 2883 862 2924 τε
879 2857 1093 2942 Ἀρχωνίδοο.
1140 2862 1198 2920 VII
1220 2857 1306 2937 30,3

249 2969 376 3046 ἱππέας
396 2994 439 3034 τε.
487 2969 819 3058 71118,2ὅιιτ,ε.
846 3019 853 3035 .
880 3019 887 3034 .
914 2975 972 3032 VII
994 2971 1044 3050 28,
1067 2969 1088 3032 4
1110 2965 1176 3034 ὑπό
1200 2993 1232 3034 τε
1254 2971 1308 3051 τῆς

247 3081 428 3157 Δεκελείας.
475 3087 534 3144 VII
565 3082 614 3162 33,
642 3081 662 3144 3
696 3081 730 3144 ἔκ
762 3107 795 3146 κε
827 3087 881 3168 τῆς
914 3085 1089 3165 Κερκύρας.
1135 3085 1193 3143 VII
1213 3080 1307 3160 48,5

249 3192 439 3274 δισχίλιάτε.
490 3197 549 3256 VII
576 3194 626 3272 80,
657 3193 676 3256 6
712 3192 991 3275 ἆποεειχλζοοσάν
1023 3218 1065 3258 τε.
1112 3197 1187 3255 VIII
1216 3193 1264 3270 12,
1290 3193 1305 3254 1

249 3306 435 3388 φθήσονταλ
461 3329 504 3368 aa.
550 3307 625 3366 VIII
653 3304 701 3381 71,
725 3305 744 3366 2
772 3303 897 3387 ἄνδρας
923 3302 982 3388 τε.)
1031 3308 1064 3368 τὲ
1092 3304 1222 3366 evanuit
1248 3324 1308 3366 nec

249 3419 351 3480 minus
377 3417 490 3480 crebro
521 3415 802 3478 animadvertimus
831 3417 913 3480 hanc
939 3414 1127 3499 particulam
1150 3416 1183 3478 in
1205 3415 1308 3479 altera

248 3536 321 3592 utra
342 3529 527 3592 recensione
540 3527 561 3566 ³⁶
584 3527 765 3590 adhaesisse
788 3547 881 3590 sensu
904 3527 1106 3590 adversante.

250 3723 461 3733 -----

355 3861 384 3912 in
406 3859 545 3911 Vaticano
561 3859 620 3912 VII
640 3859 680 3922 12,
699 3858 717 3910 4
737 3858 771 3930 τῷ
789 3877 813 3910 ιε
834 3859 934 3923 πλήθει.
964 3859 1024 3912 VII
1043 3859 1085 3923 43,
1106 3860 1120 3912 1
1141 3859 1193 3912 ἀπό
1214 3879 1239 3912 τε
1259 3859 1309 3912 τοῦ

252 3950 363 4014 τείχους.
400 3947 460 3999 VII
485 3946 565 4010 53,4
591 3949 638 4010 τήν
665 3965 690 3998 τε
719 3948 816 4016 αλόγα.
852 3946 1009 4010 V1166,2
1041 3949 1244 4012 Πελοποννήσου
1272 3966 1309 4000 τε.

251 4033 311 4086 VII
331 4034 372 4098 72,
391 4033 409 4086 4
428 4034 474 4085 (λαὶ
492 4034 521 4086 τό
538 4033 757 4103 κακαπεαλῆχθιιλ
777 4053 811 4096 τε,
830 4035 859 4086 in
878 4035 978 4086 ceteris
997 4034 1140 4087 codicibus
1159 4033 1219 4086 VII
1238 4034 1309 4098 17,3

252 4122 279 4172 οἳ
306 4139 331 4173 τε
360 4125 487 4192 πρέςριις.
521 4121 582 4174 VII
600 4121 680 4185 42,4
706 4121 805 4173 sinicii·
829 4139 864 4175 τε.
901 4119 1055 4185 V1181,4
1078 4118 1151 4190 πόνῳ
1177 4140 1209 4173 τε.
1250 4120 1309 4174 VII

252 4207 329 4288 844
353 4211 489 4266 πείσαντες
513 4229 547 4264 τε.
584 4209 659 4265 VIII
679 4209 719 4274 17,
738 4209 756 4261 2
776 4213 820 4267 ιιλς
841 4228 866 4263 τε
885 4210 936 4262 duo
950 4209 992 4276 τῆς
1011 4211 1223 4274 Πελοποννήσου.
