3038 4760
716 473 884 543 ..20.-

274 661 435 730 sententia
461 666 592 730 corruit.
638 665 703 731 Sed
733 667 918 748 singillatim
941 686 1070 730 necesse
1093 673 1143 730 est
1163 687 1332 751 persequa-

273 799 343 842 mur
365 798 420 841 eos
441 777 539 858 locos,
563 777 602 842 de
625 778 738 859 quibus
762 778 902 842 dubitari
923 779 1035 862 possit.

379 889 445 951 Vll
474 888 526 968 70,
550 889 570 952 2
605 888 720 975 ἐπειδὴ
744 889 773 953 d'
796 887 836 954 οἲ
853 889 1022 971 ᾖἄλλοιις
1048 887 1224 976 Ἀθηναῖοι
1247 889 1333 972 πρὸς

274 1004 394 1085 ἓμσγον
421 1004 464 1086 τῷ
493 1001 660 1084 ζεύγματι,
691 1048 699 1064 .
730 1048 738 1065 .
774 1000 924 1077 Quamvis
952 1001 984 1062 in
1006 1001 1213 1083 praecedeuti
1236 1021 1333 1062 enun-

222 1177 225 1181 .
274 1113 359 1176 cisto
390 1133 454 1176 non
484 1119 599 1192 agatur
629 1111 669 1173 de
696 1113 960 1192 Atheniensibus,
990 1111 1097 1174 tamen
1125 1112 1210 1175 omni
1237 1112 1333 1174 offen·

274 1225 363 1287 sione
398 1229 486 1285 earet
520 1221 631 1295 ἄλλοι,
666 1243 760 1304 quam
793 1243 905 1286 vocem
936 1230 1046 1287 notum
1075 1229 1124 1287 est
1151 1245 1170 1286 a
1198 1223 1333 1287 Graecis

273 1333 526 1415 nonnunquam*
548 1334 595 1396 ita
617 1335 693 1417 poni
715 1342 750 1398 ut
772 1341 883 1398 nostro
899 1355 1044 1417 sermone
1061 1335 1268 1417 exprimenda
1290 1336 1333 1398 sit

274 1446 341 1528 ejus
375 1445 424 1508 ris
446 1465 525 1507 voce
549 1445 793 1526 „andi-emeher
841 1445 911 1508 Hio—
932 1451 1037 1508 autem
1066 1465 1139 1508 usus
1166 1446 1240 1527 quia
1267 1467 1333 1508 non

273 1557 367 1620 valde
394 1556 541 1638 frequens
570 1561 626 1635 est,
658 1555 691 1617 in
718 1556 853 1638 proclivi
877 1564 947 1620 erat
969 1557 1085 1638 ejicere
1108 1557 1205 1621 ἄλλοι
1228 1557 1331 1620 inscio

273 1668 493 1751 grammatico.

380 1778 447 1841 VII
469 1778 520 1851 21,
543 1776 563 1840 3
587 1775 690 1856 λέγων
713 1777 789 1842 οὐδὲ
814 1779 955 1854 ἐκιίνους
983 1780 1122 1862 πάτριον
1145 1776 1201 1864 τὴν
1225 1778 1333 1862 ἐμπει-

275 1894 350 1976 ρίαν
378 1888 456 1955 οὐδὲ
479 1889 591 1952 αίδιον
613 1891 667 1974 τῆς
693 1887 863 1974 θαλάσσης
886 1889 980 1970 ἔχειν,
1004 1887 1126 1970 „silim
1148 1885 1334 1975 ἠπειρώτας

273 2002 402 2088 μᾶλλον
428 2003 492 2064 τῶν
519 2003 728 2083 Συρακοσίων
759 1999 855 2074 ὄντας
882 2007 935 2063 καὶ
967 1999 1238 2081 ἀναγκασθέντας
1266 1998 1332 2066 ὑπὸ

272 2118 338 2177 τῶν
373 2112 500 2198 Μήδων
535 2108 703 2184 ναυιικοὺς
730 2115 897 2190 γενέσθαι.
944 2111 1155 2176 Concedimus
1181 2113 1333 2176 Vaticani

273 2226 464 2308 scripturam
482 2242 577 2306 posse
602 2222 765 2306 explicari,
788 2221 815 2284 si
837 2223 1009 2304 partieipia
1032 2220 1129 2297 ὄντας
1145 2231 1178 2286 et
1193 2219 1335 2304 ἀναγκα-

274 2339 412 2410 σθέντας
433 2333 554 2397 referas
577 2334 618 2396 ad
641 2333 800 2408 ἐκείνους,
825 2333 1014 2396 infinitivum
1037 2337 1211 2412 γίγνεσθαι
1227 2342 1334 2398 autem

274 2453 365 2530 aptes
397 2467 437 2508 ex
466 2443 749 2526 ἐναγκασίίέντας.
797 2443 861 2508 Sed
888 2444 921 2506 iu
951 2465 990 2508 eo
1012 2445 1133 2508 fallitur
1156 2446 1333 2528 Classenus,

273 2558 359 2641 quod
386 2558 497 2621 addito
525 2556 597 2620 ἀλλ’
620 2556 811 2620 seutentiam
834 2555 965 2637 infringi
986 2557 1079 2638 ponit
1101 2557 1147 2620 sic
1170 2578 1334 2639 argumen-

273 2678 359 2733 tatus
387 2671 427 2732 ab
455 2668 667 2732 Hermocrate
697 2689 761 2732 non
790 2667 851 2730 duo
884 2667 946 2730 diei
969 2667 1026 2730 sed
1049 2689 1144 2731 unum
1165 2669 1226 2732 hoe
1254 2667 1333 2732 οὐδὲ

274 2781 416 2856 ἐκείνους
440 2783 582 2864 πάτριον
604 2778 661 2864 τὴν
684 2779 858 2863 ἐμπορίαν
873 2775 949 2842 οῦδὲ
966 2777 1078 2842 α’ίδιον
1094 2783 1148 2864 τῆς
1163 2781 1335 2866 θαλάσσης

274 2891 373 2974 ἔχειῆ·
407 2912 488 2974 quae
514 2911 591 2954 vero
619 2891 719 2954 verbs
745 2891 989 2972 subsequuntur,
1022 2889 1061 2951 iis
1091 2890 1234 2973 indicari,
1268 2913 1331 2974 qua

272 3004 400 3067 ratione
419 3003 632 3066 Athenienses
654 3003 702 3065 rei
717 2999 894 3066 maritimae
909 3001 1006 3084 periti
1022 3001 1213 3066 exstiterint.
1247 3001 1334 3066 Hine

272 3115 401 3178 minime
423 3116 576 3196 sequitur,
600 3123 634 3178 ut
656 3135 720 3178 non
738 3113 884 3176 debuerit
899 3111 1102 3195 Thucydides
1118 3132 1157 3174 ea
1172 3113 1329 3177 orationis

273 3226 527 3290 conformatione
556 3228 610 3306 uti,
641 3247 703 3309 qna
725 3245 783 3308 per
805 3223 894 3288 ἄλλα
916 3223 978 3285 duo
1001 3223 1171 3288 enunciata
1193 3245 1331 3308 oppone·

271 3344 383 3401 rentm·
405 3339 488 3400 inter
511 3359 553 3401 se.
600 3338 679 3401 Mihi
702 3337 829 3420 quidem
842 3334 1039 3418 probabilius
1056 3341 1105 3398 est
1120 3335 1153 3398 in
1168 3335 1329 3400 Vaticano

273 3447 363 3512 ἄλλα
395 3449 608 3528 intercidisse,
652 3448 685 3510 id
718 3448 804 3530 quod
838 3445 987 3509 facillime
1021 3446 1127 3528 potuit
1163 3448 1330 3529 committi,

273 3580 368 3643 quom
394 3561 496 3644 primo
527 3567 658 3644 aspectu
690 3559 791 3642 magis
814 3557 945 3621 inclines
968 3575 1014 3636 eo,
1047 3564 1083 3620 ut
1112 3561 1268 3637 γενέσθαι
1290 3579 1332 3621 ex

273 3670 545 3752 ἀναγκασθέντας
567 3691 661 3754 quam
684 3691 724 3734 ex
746 3669 850 3751 λέγων
872 3669 1055 3753 suspendas.
1071 3705 1114 3714 -—
1136 3668 1240 3750 Magis
1262 3687 1331 3752 per·

273 3783 399 3866 spicuus
434 3782 575 3865 ejusdem
608 3783 697 3847 vocis
731 3779 818 3846 ἄλλα
849 3781 991 3844 defectus
1023 3780 1272 3864 deprehenditur
1298 3780 1332 3843 in

273 3895 443 3958 Vaticano.

274 4019 484 4029 ——--—-

388 4051 405 4082 ⁴*
436 4049 483 4106 cfr.
514 4049 587 4102 Plet.
620 4047 703 4118 Gorg.
734 4048 787 4103 473
817 4047 1029 4118 ιέδαιμονίζιιαι
1057 4047 1105 4100 ῦαό
1133 4049 1184 4099 τῶν
1210 4045 1323 4098 πολιτῶν

272 4124 316 4178 καὶ
335 4122 386 4176 τῶν
405 4121 490 4176 ἄλλων
508 4124 599 4184 ξένων.
