3038 4760
650 515 818 581 ..25-

206 725 302 789 supra
328 705 472 788 scriptas,
499 705 531 767 in
554 703 671 768 ceteris
693 703 857 768 codicibus
879 709 1016 768 exstant.
1061 705 1134 774 Hoc
1157 711 1263 770 autem

151 885 157 893 ,
204 817 277 880 loco
305 823 441 899 apparet
467 816 648 879 necessario
674 815 778 895 repeti
800 817 932 879 verbum
953 817 1137 900 μάχεσθαι,
1169 837 1263 896 quom

203 929 288 992 inter
316 949 350 992 se
380 936 583 1012 opponantur
612 928 784 1010 pugnando
821 929 949 992 vincere
987 935 1021 992 et
1049 948 1089 991 ue
1119 947 1263 1010 pugnare

204 1039 339 1120 quidem,
366 1060 427 1120 quo
451 1039 646 1123 Thucydidis
673 1039 807 1103 consilio
829 1061 897 1105 non
918 1045 1088 1122 perspecto
1110 1059 1263 1122 gramma·

203 1151 284 1215 ticus
306 1151 419 1214 maluit
442 1151 620 1216 orationem
643 1151 778 1215 variare.

308 1261 376 1325 VII
397 1262 448 1344 51,
474 1267 489 1329 l
518 1260 550 1327 oi
573 1263 609 1327 dd
632 1264 827 1345 Συρακόσιοι
849 1268 904 1328 καὶ
925 1261 1019 1328 αὐτοὶ
1040 1264 1136 1328 τοῦτο
1158 1263 1262 1328 nodd-

201 1395 296 1457 μενοι
331 1373 443 1463 πολλῷ
472 1374 602 1459 μᾶλλον
631 1373 838 1460 ἐγηγερμένοι
874 1373 958 1462 ἦσαν
986 1373 1030 1461 μὴ
1061 1372 1192 1438 ἀνιέναι
1221 1372 1260 1438 τὰ

202 1487 266 1548 τῶν
294 1481 495 1572 Ἀθηναίων.
545 1486 622 1550 Vat.
659 1485 845 1573 ἐπηρμένοι.
896 1473 1018 1552 Verum
1051 1485 1177 1565 quidem
1212 1492 1262 1550 est

202 1595 325 1676 fortius,
354 1591 446 1676 quam
469 1605 697 1680 exspectamus,
724 1597 896 1681 significari
918 1618 938 1661 a
961 1595 1147 1680 Thucydide
1170 1595 1262 1680 Syra·

201 1728 336 1773 cnsanos
359 1716 564 1789 experrectus
587 1730 665 1790 esse,
688 1730 729 1774 ne
744 1709 986 1774 Atheniensium
1008 1705 1142 1772 consilia
1156 1707 1261 1788 negle-

199 1827 330 1901 gerent,
364 1841 461 1900 quare
494 1821 649 1885 festinant
680 1821 821 1886 editores
854 1839 894 1884 ex
921 1819 1082 1883 Vaticano
1116 1819 1260 1920 recipcre

193 1929 397 2016 *ἐπηρμένοι
425 1951 520 2010 quom
546 1931 707 1996 adducant
732 1932 850 1996 similes
875 1932 965 1997 locos
986 1931 1019 1994 II
1044 1931 1092 2012 11,
1114 1931 1134 1996 2
1156 1928 1174 2015 ἡ
1197 1927 1262 2013 γὰρ

196 2043 302 2120 serug
324 2045 421 2107 πᾶσα
443 2043 518 2134 τῇδε
539 2046 575 2136 τῇ
599 2041 682 2134 ὁρμῇ
705 2043 852 2130 ἐπῇριαι,
869 2043 917 2108 IV
938 2043 1042 2123 121,1
1066 2047 1122 2106 καὶ
1145 2039 1177 2107 οἱ
1199 2045 1261 2124 μὲν

198 2161 376 2222 Σκιωναῖοι
411 2153 606 2240 ἐπήρθησάν
639 2180 672 2220 τε
704 2169 772 2232 τοῖς
805 2155 917 2236 λόγοις
949 2161 1004 2218 καὶ
1036 2155 1260 2238 θαρσήσαντες

199 2266 322 2340 πάντες
350 2261 487 2348 ὁμοίως,
517 2266 574 2330 sed
596 2287 657 2350 ego
680 2269 804 2332 retineo
828 2267 1041 2331 difficiliorem
1062 2267 1260 2347 scripturam,

199 2379 287 2462 cujus
310 2399 350 2442 ne
373 2378 694 2457 interpretamentum
716 2379 758 2442 sit
786 2378 975 2465 ἐπηρμένοι,
1003 2378 1177 2459 periculum
1200 2385 1258 2440 cst.

304 2489 388 2552 VIII
413 2489 483 2560 1‚2
514 2486 688 2571 ὠργίζοντο
719 2489 755 2554 δὲ
785 2497 839 2554 καὶ
869 2503 936 2566 τοῖς
962 2489 1200 2576 χρησμολόγοις
1227 2511 1260 2552 τε

204 2605 256 2663 καὶ
269 2602 403 2684 μάντεσι
414 2606 469 2664 καὶ
483 2599 600 2666 ὁπόσοι
612 2626 641 2665 τι
653 2601 722 2665 τότε
733 2598 853 2679 αὐτοὺς
865 2604 1059 2678 oeternum
1071 2601 1259 2686 λπήλπισαν

203 2711 245 2787 ὡς
275 2712 440 2798 λήψονται
475 2711 530 2798 τὴν
562 2714 724 2778 Σικελίαν.
774 2715 851 2780 Vat.
882 2713 1027 2778 ἔπεισαν.
1078 2712 1152 2777 Non
1182 2733 1258 2776 sanc

198 2823 316 2906 legitur
354 2824 541 2900 ἐπελπίζειν
570 2825 677 2889 activa
710 2827 742 2889 vi
775 2827 860 2907 apud
893 2826 1066 2906 scriptores
1100 2824 1258 2904 classicos,

198 2935 257 2997 nisi
281 2934 397 2999 Suidas
420 2937 460 3020 dp
483 2937 668 3020 Pythagora
695 2957 765 3001 cum
792 2946 881 3020 agat,
911 2937 1108 3018 excerpserit
1128 2956 1168 3000 ex
1188 2935 1258 2999 Pla-

198 3048 283 3111 tonis
306 3048 446 3131 quodam
468 3049 560 3130 libro,
583 3049 668 3132 quod
690 3051 783 3134 ponit
805 3051 995 3114 Passowius.
1041 3047 1106 3112 Sed
1128 3067 1257 3111 consen·

197 3159 292 3222 timus
320 3159 490 3238 Boehmio,
524 3161 578 3243 qui
612 3169 741 3226 moneat
771 3162 897 3246 saepius
931 3161 1104 3244 scriptores
1134 3158 1169 3222 id
1196 3158 1257 3222 sibi

197 3289 331 3351 sumere,
358 3277 395 3334 ut
424 3272 556 3334 verbum
578 3271 814 3336 intransitivum
837 3273 935 3337 semel
956 3274 1065 3337 valere
1088 3271 1256 3334 transitive

196 3381 299 3444 velint
332 3381 420 3464 cujus
453 3383 603 3446 licentiae
637 3383 783 3466 exempla
816 3385 977 3467 congessit
1009 3383 1189 3448 Lobeckius
1223 3382 1256 3446 iu

197 3495 443 3574 commentario,
482 3515 575 3577 quem
613 3493 655 3557 ad
694 3494 826 3577 Ajacem
865 3497 992 3580 scripsit
1026 3517 1056 3558 v.
1087 3495 1140 3558 40.
1181 3493 1255 3558 869.

198 3603 336 3679 θοάζειν
369 3604 522 3681 πάλλειν,
557 3604 723 3672 ἀκταίνειν
755 3607 869 3689 ᾄσσειν
902 3607 1035 3692 φλέγειν
1064 3627 1162 3690 quare
1191 3626 1254 3669 uon

199 3715 310 3780 dubito
326 3715 462 3780 ἔπεισαν
478 3717 619 3782 tribuere
635 3721 818 3799 correctori,
841 3721 895 3804 qui
916 3718 1087 3784 offenderit
1101 3719 1134 3782 in
1149 3717 1255 3782 activa

198 3826 286 3888 verbi
309 3825 497 3902 ἐπελπλζειν
518 3829 761 3911 significatione.

302 3935 387 3999 VIII
410 3939 495 4018 68,l
520 3937 602 4024 ἀνὴρ
618 3935 810 4026 Ἀθηναίων
832 3943 994 4006 τῶνκαθ’
1018 3940 1135 4006 ἑαυτὸν
1157 3939 1254 4032 ἀρειῇ

198 4071 230 4110 τε
251 4044 389 4122 οὐδενὸς
412 4049 576 4134 ὕστερος
578 4099 688 4115 .....
705 4051 782 4116 vat.
799 4052 992 4137 δεύτερος.
1024 4052 1089 4118 Sed
1104 4053 1254 4136 quoniam

197 4158 345 4243 δεύτερος
370 4161 503 4247 proprio
525 4182 631 4244 sensu,
661 4163 791 4248 ὕστερος
813 4166 968 4232 translato
992 4168 1136 4234 ordinem
1160 4165 1252 4250 signi·
