<?xml version="1.0" encoding="UTF-8"?>
<!DOCTYPE html PUBLIC "-//W3C//DTD XHTML 1.0 Transitional//EN"
    "http://www.w3.org/TR/xhtml1/DTD/xhtml1-transitional.dtd">
<html xmlns="http://www.w3.org/1999/xhtml" xml:lang="en" lang="en">
 <head>
  <title>
</title>
<meta http-equiv="Content-Type" content="text/html;charset=utf-8" />
  <meta name='ocr-system' content='tesseract 3.04.00' />
  <meta name='ocr-capabilities' content='ocr_page ocr_carea ocr_par ocr_line ocrx_word'/>
</head>
<body>
  <div class='ocr_page' id='page_1' title='image "./devaticanicodic00eggegoog_0024.png"; bbox 0 0 3038 4760; ppageno 0'>
   <div class='ocr_carea' id='block_1_1' title="bbox 656 574 828 642">
    <p class='ocr_par' dir='ltr' id='par_1_1' title="bbox 656 574 828 642">
     <span class='ocr_line' id='line_1_1' title="bbox 656 574 828 642; baseline -0.006 -18"><span class='ocrx_word' id='word_1_1' title='bbox 656 574 828 642; x_wconf 48' lang='grc' dir='ltr'>,ιμ-</span> 
     </span>
    </p>
   </div>
   <div class='ocr_carea' id='block_1_2' title="bbox 178 761 1330 4376">
    <p class='ocr_par' dir='ltr' id='par_1_2' title="bbox 178 761 1283 2292">
     <span class='ocr_line' id='line_1_2' title="bbox 213 761 1274 847; baseline -0.005 -16"><span class='ocrx_word' id='word_1_2' title='bbox 213 767 364 831; x_wconf 87' lang='lat' dir='ltr'>adhibere</span> <span class='ocrx_word' id='word_1_3' title='bbox 400 763 578 828; x_wconf 80' lang='lat' dir='ltr'>Classenus.</span> <span class='ocrx_word' id='word_1_4' title='bbox 636 761 748 847; x_wconf 88' lang='lat' dir='ltr'>Neque</span> <span class='ocrx_word' id='word_1_5' title='bbox 782 771 844 843; x_wconf 76' lang='lat' dir='ltr'>est,</span> <span class='ocrx_word' id='word_1_6' title='bbox 885 763 971 845; x_wconf 89' lang='lat' dir='ltr'>quod</span> <span class='ocrx_word' id='word_1_7' title='bbox 1010 761 1177 826; x_wconf 78' lang='lat' dir='ltr'>Classeuus</span> <span class='ocrx_word' id='word_1_8' title='bbox 1211 783 1274 828; x_wconf 93' lang='lat' dir='ltr'>mo-</span> 
     </span>
     <span class='ocr_line' id='line_1_3' title="bbox 211 845 1275 956; baseline -0.004 -14"><span class='ocrx_word' id='word_1_9' title='bbox 211 886 288 942; x_wconf 88' lang='lat' dir='ltr'>neat</span> <span class='ocrx_word' id='word_1_10' title='bbox 320 899 384 941; x_wconf 93' lang='lat' dir='ltr'>non</span> <span class='ocrx_word' id='word_1_11' title='bbox 416 877 487 956; x_wconf 90' lang='lat' dir='ltr'>ipsa</span> <span class='ocrx_word' id='word_1_12' title='bbox 515 874 648 938; x_wconf 82' lang='lat' dir='ltr'>foedera</span> <span class='ocrx_word' id='word_1_13' title='bbox 680 876 833 940; x_wconf 88' lang='lat' dir='ltr'>novanda·</span> <span class='ocrx_word' id='word_1_14' title='bbox 852 873 962 955; x_wconf 89' lang='lat' dir='ltr'>fuisse,</span> <span class='ocrx_word' id='word_1_15' title='bbox 996 875 1052 938; x_wconf 92' lang='lat' dir='ltr'>sed</span> <span class='ocrx_word' id='word_1_16' title='bbox 1075 895 1128 936; x_wconf 90' lang='lat' dir='ltr'>eas</span> <span class='ocrx_word' id='word_1_17' title='bbox 1151 845 1275 938; x_wconf 85' lang='lat' dir='ltr'>tantdm</span> 
     </span>
     <span class='ocr_line' id='line_1_4' title="bbox 214 985 1277 1068; baseline -0.005 -15"><span class='ocrx_word' id='word_1_18' title='bbox 214 989 381 1054; x_wconf 79' lang='lat' dir='ltr'><strong>foederum</strong></span> <span class='ocrx_word' id='word_1_19' title='bbox 413 987 510 1068; x_wconf 90' lang='lat' dir='ltr'>leges,</span> <span class='ocrx_word' id='word_1_20' title='bbox 543 987 714 1049; x_wconf 90' lang='lat' dir='ltr'>secundum</span> <span class='ocrx_word' id='word_1_21' title='bbox 747 1005 825 1067; x_wconf 89' lang='lat' dir='ltr'>quas</span> <span class='ocrx_word' id='word_1_22' title='bbox 856 986 889 1048; x_wconf 92' lang='lat' dir='ltr'>in</span> <span class='ocrx_word' id='word_1_23' title='bbox 916 985 1001 1067; x_wconf 87' lang='lat' dir='ltr'>regis</span> <span class='ocrx_word' id='word_1_24' title='bbox 1028 985 1182 1049; x_wconf 84' lang='lat' dir='ltr'>ditionem</span> <span class='ocrx_word' id='word_1_25' title='bbox 1205 1006 1277 1050; x_wconf 91' lang='lat' dir='ltr'>con·</span> 
     </span>
     <span class='ocr_line' id='line_1_5' title="bbox 216 1096 1277 1180; baseline -0.004 -15"><span class='ocrx_word' id='word_1_26' title='bbox 216 1122 323 1165; x_wconf 81' lang='lat' dir='ltr'>cessae</span> <span class='ocrx_word' id='word_1_27' title='bbox 358 1106 451 1162; x_wconf 89' lang='lat' dir='ltr'>erant</span> <span class='ocrx_word' id='word_1_28' title='bbox 479 1118 588 1162; x_wconf 91' lang='lat' dir='ltr'>omnes</span> <span class='ocrx_word' id='word_1_29' title='bbox 615 1103 740 1178; x_wconf 86' lang='lat' dir='ltr'>gentes,</span> <span class='ocrx_word' id='word_1_30' title='bbox 774 1096 888 1178; x_wconf 92' lang='lat' dir='ltr'>quibus</span> <span class='ocrx_word' id='word_1_31' title='bbox 914 1097 1000 1178; x_wconf 88' lang='lat' dir='ltr'>regis</span> <span class='ocrx_word' id='word_1_32' title='bbox 1023 1096 1160 1180; x_wconf 89' lang='lat' dir='ltr'>majores</span> <span class='ocrx_word' id='word_1_33' title='bbox 1182 1097 1277 1177; x_wconf 88' lang='lat' dir='ltr'>impc-</span> 
     </span>
     <span class='ocr_line' id='line_1_6' title="bbox 215 1207 1277 1290; baseline -0.008 -14"><span class='ocrx_word' id='word_1_34' title='bbox 215 1219 350 1276; x_wconf 89' lang='lat' dir='ltr'>rassent.</span> <span class='ocrx_word' id='word_1_35' title='bbox 395 1209 478 1273; x_wconf 92' lang='lat' dir='ltr'>Nam</span> <span class='ocrx_word' id='word_1_36' title='bbox 505 1207 705 1289; x_wconf 85' lang='lat' dir='ltr'>potissimum</span> <span class='ocrx_word' id='word_1_37' title='bbox 732 1207 843 1270; x_wconf 89' lang='lat' dir='ltr'>harum</span> <span class='ocrx_word' id='word_1_38' title='bbox 873 1207 906 1270; x_wconf 92' lang='lat' dir='ltr'>in</span> <span class='ocrx_word' id='word_1_39' title='bbox 937 1207 1067 1270; x_wconf 91' lang='lat' dir='ltr'>foedere</span> <span class='ocrx_word' id='word_1_40' title='bbox 1088 1208 1195 1290; x_wconf 86' lang='lat' dir='ltr'>legum</span> <span class='ocrx_word' id='word_1_41' title='bbox 1218 1207 1277 1270; x_wconf 88' lang='lat' dir='ltr'>etsi</span> 
     </span>
     <span class='ocr_line' id='line_1_7' title="bbox 212 1317 1278 1406; baseline -0.007 -20"><span class='ocrx_word' id='word_1_42' title='bbox 212 1325 347 1406; x_wconf 81' lang='lat' dir='ltr'>pigebat</span> <span class='ocrx_word' id='word_1_43' title='bbox 388 1321 531 1400; x_wconf 82' lang='lat' dir='ltr'>Licham,</span> <span class='ocrx_word' id='word_1_44' title='bbox 574 1326 681 1382; x_wconf 87' lang='lat' dir='ltr'>tamen</span> <span class='ocrx_word' id='word_1_45' title='bbox 718 1319 791 1382; x_wconf 90' lang='lat' dir='ltr'>hine</span> <span class='ocrx_word' id='word_1_46' title='bbox 824 1319 850 1381; x_wconf 89' lang='lat' dir='ltr'>si</span> <span class='ocrx_word' id='word_1_47' title='bbox 885 1318 1078 1382; x_wconf 81' lang='lat' dir='ltr'>concluserit</span> <span class='ocrx_word' id='word_1_48' title='bbox 1111 1317 1278 1380; x_wconf 85' lang='lat' dir='ltr'>Classenus</span> 
     </span>
     <span class='ocr_line' id='line_1_8' title="bbox 215 1429 1279 1516; baseline -0.004 -21"><span class='ocrx_word' id='word_1_49' title='bbox 215 1432 335 1516; x_wconf 87' lang='lat' dir='ltr'>requiri</span> <span class='ocrx_word' id='word_1_50' title='bbox 359 1433 541 1514; x_wconf 77' lang='grc' dir='ltr'><strong><em>ξυνθήκας,</em></strong></span> <span class='ocrx_word' id='word_1_51' title='bbox 570 1430 727 1493; x_wconf 86' lang='lat' dir='ltr'>refellitur</span> <span class='ocrx_word' id='word_1_52' title='bbox 749 1431 882 1510; x_wconf 88' lang='lat' dir='ltr'>abipso</span> <span class='ocrx_word' id='word_1_53' title='bbox 905 1429 1093 1513; x_wconf 86' lang='lat' dir='ltr'>Thucydide</span> <span class='ocrx_word' id='word_1_54' title='bbox 1115 1429 1169 1510; x_wconf 85' lang='lat' dir='ltr'>qui</span> <span class='ocrx_word' id='word_1_55' title='bbox 1191 1449 1279 1508; x_wconf 88' lang='lat' dir='ltr'>para·</span> 
     </span>
     <span class='ocr_line' id='line_1_9' title="bbox 219 1523 1281 1626; baseline -0.006 -20"><span class='ocrx_word' id='word_1_56' title='bbox 219 1543 341 1626; x_wconf 83' lang='lat' dir='ltr'>grapho</span> <span class='ocrx_word' id='word_1_57' title='bbox 378 1543 476 1605; x_wconf 91' lang='lat' dir='ltr'>tertia</span> <span class='ocrx_word' id='word_1_58' title='bbox 498 1542 629 1605; x_wconf 89' lang='lat' dir='ltr'>Licham</span> <span class='ocrx_word' id='word_1_59' title='bbox 662 1540 759 1604; x_wconf 88' lang='lat' dir='ltr'>faciat</span> <span class='ocrx_word' id='word_1_60' title='bbox 794 1523 967 1604; x_wconf 63' lang='lat' dir='ltr'>dicentem}</span> <span class='ocrx_word' id='word_1_61' title='bbox 1003 1541 1135 1605; x_wconf 81' lang='lat' dir='ltr'>foedera</span> <span class='ocrx_word' id='word_1_62' title='bbox 1167 1545 1281 1602; x_wconf 89' lang='lat' dir='ltr'>neutra</span> 
     </span>
     <span class='ocr_line' id='line_1_10' title="bbox 221 1650 1282 1734; baseline -0.005 -16"><span class='ocrx_word' id='word_1_63' title='bbox 221 1655 282 1718; x_wconf 89' lang='lat' dir='ltr'>sibi</span> <span class='ocrx_word' id='word_1_64' title='bbox 319 1653 487 1732; x_wconf 83' lang='lat' dir='ltr'>displicere</span> <span class='ocrx_word' id='word_1_65' title='bbox 524 1656 591 1734; x_wconf 80' lang='grc' dir='ltr'>(καὶ</span> <span class='ocrx_word' id='word_1_66' title='bbox 626 1650 682 1728; x_wconf 76' lang='grc' dir='ltr'>τὰς</span> <span class='ocrx_word' id='word_1_67' title='bbox 718 1651 864 1728; x_wconf 82' lang='grc' dir='ltr'><strong><em>σπονδὰς</em></strong></span> <span class='ocrx_word' id='word_1_68' title='bbox 898 1651 1069 1734; x_wconf 71' lang='grc' dir='ltr'><em>οὐδετέρας</em></span> <span class='ocrx_word' id='word_1_69' title='bbox 1092 1699 1100 1716; x_wconf 92' lang='grc'><strong>.</strong></span> <span class='ocrx_word' id='word_1_70' title='bbox 1126 1699 1133 1715; x_wconf 93' lang='grc'><strong>.</strong></span> <span class='ocrx_word' id='word_1_71' title='bbox 1160 1653 1184 1732; x_wconf 82' lang='grc'>.)</span> <span class='ocrx_word' id='word_1_72' title='bbox 1217 1670 1282 1714; x_wconf 88' lang='lat' dir='ltr'>non</span> 
     </span>
     <span class='ocr_line' id='line_1_11' title="bbox 218 1761 1282 1848; baseline -0.006 -19"><span class='ocrx_word' id='word_1_73' title='bbox 218 1767 316 1848; x_wconf 86' lang='lat' dir='ltr'>leges.</span> <span class='ocrx_word' id='word_1_74' title='bbox 361 1765 427 1826; x_wconf 74' lang='lat' dir='ltr'>Vix</span> <span class='ocrx_word' id='word_1_75' title='bbox 449 1762 578 1842; x_wconf 84' lang='lat' dir='ltr'>falleris,</span> <span class='ocrx_word' id='word_1_76' title='bbox 602 1761 628 1824; x_wconf 90' lang='lat' dir='ltr'>si</span> <span class='ocrx_word' id='word_1_77' title='bbox 651 1781 772 1825; x_wconf 91' lang='lat' dir='ltr'>mecum</span> <span class='ocrx_word' id='word_1_78' title='bbox 793 1783 902 1844; x_wconf 86' lang='lat' dir='ltr'>ponas,</span> <span class='ocrx_word' id='word_1_79' title='bbox 925 1785 1020 1847; x_wconf 91' lang='lat' dir='ltr'>quom</span> <span class='ocrx_word' id='word_1_80' title='bbox 1042 1763 1168 1844; x_wconf 89' lang='lat' dir='ltr'>longius</span> <span class='ocrx_word' id='word_1_81' title='bbox 1184 1762 1282 1824; x_wconf 86' lang='lat' dir='ltr'>distet</span> 
     </span>
     <span class='ocr_line' id='line_1_12' title="bbox 219 1854 1283 1959; baseline -0.007 -18"><span class='ocrx_word' id='word_1_82' title='bbox 219 1877 329 1959; x_wconf 76' lang='grc' dir='ltr'><strong><em>ἑτέρας</em></strong></span> <span class='ocrx_word' id='word_1_83' title='bbox 357 1877 397 1938; x_wconf 88' lang='lat' dir='ltr'>ab</span> <span class='ocrx_word' id='word_1_84' title='bbox 425 1872 588 1948; x_wconf 74' lang='grc' dir='ltr'>σπονδάς,</span> <span class='ocrx_word' id='word_1_85' title='bbox 623 1873 664 1936; x_wconf 85' lang='lat' dir='ltr'>ad</span> <span class='ocrx_word' id='word_1_86' title='bbox 687 1854 773 1956; x_wconf 87' lang='lat' dir='ltr'>quod</span> <span class='ocrx_word' id='word_1_87' title='bbox 795 1873 998 1937; x_wconf 87' lang='lat' dir='ltr'>referendum</span> <span class='ocrx_word' id='word_1_88' title='bbox 1021 1880 1079 1954; x_wconf 84' lang='lat' dir='ltr'>est,</span> <span class='ocrx_word' id='word_1_89' title='bbox 1102 1874 1283 1955; x_wconf 90' lang='lat' dir='ltr'>grammati-</span> 
     </span>
     <span class='ocr_line' id='line_1_13' title="bbox 178 1967 1281 2070; baseline -0.004 -19"><span class='ocrx_word' id='word_1_90' title='bbox 178 1967 183 1990; x_wconf 51' lang='lat'><em>*</em></span> <span class='ocrx_word' id='word_1_91' title='bbox 220 2009 289 2051; x_wconf 92' lang='lat' dir='ltr'>oum</span> <span class='ocrx_word' id='word_1_92' title='bbox 318 1985 523 2070; x_wconf 84' lang='lat' dir='ltr'>adscripsisse</span> <span class='ocrx_word' id='word_1_93' title='bbox 553 1985 720 2065; x_wconf 69' lang='grc' dir='ltr'><strong><em>ξυνθήκας</em></strong></span> <span class='ocrx_word' id='word_1_94' title='bbox 745 1986 882 2069; x_wconf 85' lang='lat' dir='ltr'>petitum</span> <span class='ocrx_word' id='word_1_95' title='bbox 905 2006 946 2049; x_wconf 85' lang='lat' dir='ltr'>ex</span> <span class='ocrx_word' id='word_1_96' title='bbox 967 1986 1073 2068; x_wconf 86' lang='lat' dir='ltr'>capite</span> <span class='ocrx_word' id='word_1_97' title='bbox 1096 1985 1147 2066; x_wconf 80' lang='lat'>57,</span> <span class='ocrx_word' id='word_1_98' title='bbox 1178 1987 1193 2048; x_wconf 91' lang='lat'>1</span> <span class='ocrx_word' id='word_1_99' title='bbox 1219 2005 1281 2066; x_wconf 93' lang='lat' dir='ltr'>quo</span> 
     </span>
     <span class='ocr_line' id='line_1_14' title="bbox 218 2095 1283 2180; baseline -0.005 -19"><span class='ocrx_word' id='word_1_100' title='bbox 218 2101 349 2162; x_wconf 89' lang='lat' dir='ltr'>ineunte</span> <span class='ocrx_word' id='word_1_101' title='bbox 379 2097 484 2180; x_wconf 91' lang='lat' dir='ltr'>capite</span> <span class='ocrx_word' id='word_1_102' title='bbox 510 2095 646 2176; x_wconf 88' lang='lat' dir='ltr'>legimus</span> <span class='ocrx_word' id='word_1_103' title='bbox 669 2096 708 2158; x_wconf 92' lang='lat' dir='ltr'>de</span> <span class='ocrx_word' id='word_1_104' title='bbox 732 2097 846 2160; x_wconf 90' lang='lat' dir='ltr'>eodem</span> <span class='ocrx_word' id='word_1_105' title='bbox 869 2097 930 2160; x_wconf 90' lang='lat' dir='ltr'>hoc</span> <span class='ocrx_word' id='word_1_106' title='bbox 953 2097 1051 2160; x_wconf 90' lang='lat' dir='ltr'>tertio</span> <span class='ocrx_word' id='word_1_107' title='bbox 1075 2095 1206 2158; x_wconf 87' lang='lat' dir='ltr'>foedere</span> <span class='ocrx_word' id='word_1_108' title='bbox 1230 2098 1283 2157; x_wconf 84' lang='grc' dir='ltr'>καὶ</span> 
     </span>
     <span class='ocr_line' id='line_1_15' title="bbox 222 2205 932 2292; baseline -0.001 -20"><span class='ocrx_word' id='word_1_109' title='bbox 222 2207 392 2290; x_wconf 71' lang='grc' dir='ltr'><strong><em>ξννθήκας</em></strong></span> <span class='ocrx_word' id='word_1_110' title='bbox 415 2205 461 2270; x_wconf 83' lang='grc' dir='ltr'>ἔτι</span> <span class='ocrx_word' id='word_1_111' title='bbox 483 2205 586 2281; x_wconf 78' lang='grc' dir='ltr'><strong><em>ἄλλας</em></strong></span> <span class='ocrx_word' id='word_1_112' title='bbox 607 2209 831 2292; x_wconf 76' lang='grc' dir='ltr'><em>ποιησάμενος</em></span> <span class='ocrx_word' id='word_1_113' title='bbox 855 2255 862 2271; x_wconf 95' lang='grc'><strong><em>.</em></strong></span> <span class='ocrx_word' id='word_1_114' title='bbox 889 2255 897 2272; x_wconf 86' lang='grc'><strong>.</strong></span> <span class='ocrx_word' id='word_1_115' title='bbox 924 2255 932 2271; x_wconf 93' lang='grc'><strong>.</strong></span> 
     </span>
    </p>

    <p class='ocr_par' dir='ltr' id='par_1_3' title="bbox 220 2316 1287 2952">
     <span class='ocr_line' id='line_1_16' title="bbox 326 2316 1283 2381; baseline -0.003 0"><span class='ocrx_word' id='word_1_116' title='bbox 326 2319 572 2381; x_wconf 87' lang='lat' dir='ltr'>Demonstrasse</span> <span class='ocrx_word' id='word_1_117' title='bbox 606 2317 683 2381; x_wconf 91' lang='lat' dir='ltr'>mihi</span> <span class='ocrx_word' id='word_1_118' title='bbox 717 2317 831 2380; x_wconf 87' lang='lat' dir='ltr'>videor</span> <span class='ocrx_word' id='word_1_119' title='bbox 856 2317 1050 2380; x_wconf 84' lang='lat' dir='ltr'>Vaticanum</span> <span class='ocrx_word' id='word_1_120' title='bbox 1080 2316 1283 2380; x_wconf 89' lang='lat' dir='ltr'>multifariam</span> 
     </span>
     <span class='ocr_line' id='line_1_17' title="bbox 220 2427 1286 2512; baseline -0.004 -19"><span class='ocrx_word' id='word_1_121' title='bbox 220 2449 290 2493; x_wconf 88' lang='lat' dir='ltr'>esse</span> <span class='ocrx_word' id='word_1_122' title='bbox 327 2429 579 2512; x_wconf 78' lang='lat' dir='ltr'>interpolatum3</span> <span class='ocrx_word' id='word_1_123' title='bbox 617 2429 782 2510; x_wconf 87' lang='lat' dir='ltr'>quaeritur</span> <span class='ocrx_word' id='word_1_124' title='bbox 818 2428 903 2511; x_wconf 85' lang='lat' dir='ltr'>jam,</span> <span class='ocrx_word' id='word_1_125' title='bbox 941 2447 1098 2510; x_wconf 90' lang='lat' dir='ltr'>quaenam</span> <span class='ocrx_word' id='word_1_126' title='bbox 1131 2427 1286 2491; x_wconf 89' lang='lat' dir='ltr'>Vaticani</span> 
     </span>
     <span class='ocr_line' id='line_1_18' title="bbox 226 2539 1285 2623; baseline -0.001 -20"><span class='ocrx_word' id='word_1_127' title='bbox 226 2542 446 2603; x_wconf 87' lang='lat' dir='ltr'>additamenta</span> <span class='ocrx_word' id='word_1_128' title='bbox 485 2541 518 2603; x_wconf 92' lang='lat' dir='ltr'>in</span> <span class='ocrx_word' id='word_1_129' title='bbox 557 2541 730 2603; x_wconf 84' lang='lat' dir='ltr'>verborum</span> <span class='ocrx_word' id='word_1_130' title='bbox 770 2545 954 2603; x_wconf 78' lang='lat' dir='ltr'>contextum</span> <span class='ocrx_word' id='word_1_131' title='bbox 991 2539 1056 2600; x_wconf 90' lang='lat' dir='ltr'>sint</span> <span class='ocrx_word' id='word_1_132' title='bbox 1091 2539 1285 2623; x_wconf 91' lang='lat' dir='ltr'>recipienda.</span> 
     </span>
     <span class='ocr_line' id='line_1_19' title="bbox 225 2649 1286 2735; baseline -0.005 -20"><span class='ocrx_word' id='word_1_133' title='bbox 225 2651 358 2735; x_wconf 85' lang='lat' dir='ltr'>Saepius</span> <span class='ocrx_word' id='word_1_134' title='bbox 389 2651 511 2714; x_wconf 87' lang='lat' dir='ltr'>librarii</span> <span class='ocrx_word' id='word_1_135' title='bbox 550 2653 650 2716; x_wconf 88' lang='lat' dir='ltr'>oculis</span> <span class='ocrx_word' id='word_1_136' title='bbox 684 2652 907 2713; x_wconf 87' lang='lat' dir='ltr'>aberrantibus</span> <span class='ocrx_word' id='word_1_137' title='bbox 943 2669 982 2711; x_wconf 87' lang='lat' dir='ltr'>ea</span> <span class='ocrx_word' id='word_1_138' title='bbox 1015 2649 1170 2712; x_wconf 85' lang='lat' dir='ltr'>orationis</span> <span class='ocrx_word' id='word_1_139' title='bbox 1203 2668 1286 2732; x_wconf 83' lang='lat' dir='ltr'>pars,</span> 
     </span>
     <span class='ocr_line' id='line_1_20' title="bbox 224 2759 1287 2844; baseline 0 -21"><span class='ocrx_word' id='word_1_140' title='bbox 224 2781 305 2844; x_wconf 90' lang='lat' dir='ltr'>quae</span> <span class='ocrx_word' id='word_1_141' title='bbox 335 2762 418 2824; x_wconf 85' lang='lat' dir='ltr'>inter</span> <span class='ocrx_word' id='word_1_142' title='bbox 445 2763 574 2826; x_wconf 91' lang='lat' dir='ltr'>easdem</span> <span class='ocrx_word' id='word_1_143' title='bbox 604 2783 698 2826; x_wconf 91' lang='lat' dir='ltr'>voces</span> <span class='ocrx_word' id='word_1_144' title='bbox 727 2763 833 2840; x_wconf 82' lang='lat' dir='ltr'>media</span> <span class='ocrx_word' id='word_1_145' title='bbox 861 2768 943 2841; x_wconf 85' lang='lat' dir='ltr'>erat,</span> <span class='ocrx_word' id='word_1_146' title='bbox 978 2760 1093 2824; x_wconf 83' lang='lat' dir='ltr'>ceteris</span> <span class='ocrx_word' id='word_1_147' title='bbox 1121 2759 1287 2823; x_wconf 88' lang='lat' dir='ltr'>codicibus</span> 
     </span>
     <span class='ocr_line' id='line_1_21' title="bbox 223 2873 867 2952; baseline 0.002 -18"><span class='ocrx_word' id='word_1_148' title='bbox 223 2873 392 2952; x_wconf 85' lang='lat' dir='ltr'>omittitur,</span> <span class='ocrx_word' id='word_1_149' title='bbox 416 2893 487 2937; x_wconf 92' lang='lat' dir='ltr'>cum</span> <span class='ocrx_word' id='word_1_150' title='bbox 510 2876 541 2937; x_wconf 93' lang='lat' dir='ltr'>in</span> <span class='ocrx_word' id='word_1_151' title='bbox 565 2875 727 2938; x_wconf 81' lang='lat' dir='ltr'>Vaticano</span> <span class='ocrx_word' id='word_1_152' title='bbox 751 2882 867 2936; x_wconf 87' lang='lat' dir='ltr'>exstet.</span> 
     </span>
    </p>

    <p class='ocr_par' dir='ltr' id='par_1_4' title="bbox 224 2979 1293 3731">
     <span class='ocr_line' id='line_1_22' title="bbox 329 2979 1289 3072; baseline 0 -28"><span class='ocrx_word' id='word_1_153' title='bbox 329 2984 396 3046; x_wconf 85' lang='lat' dir='ltr'>VII</span> <span class='ocrx_word' id='word_1_154' title='bbox 425 2985 476 3066; x_wconf 80' lang='lat'>67,</span> <span class='ocrx_word' id='word_1_155' title='bbox 502 2988 530 3050; x_wconf 89' lang='lat' dir='ltr'>l.</span> <span class='ocrx_word' id='word_1_156' title='bbox 576 2985 594 3072; x_wconf 76' lang='grc' dir='ltr'>η’</span> <span class='ocrx_word' id='word_1_157' title='bbox 630 2985 734 3060; x_wconf 76' lang='grc' dir='ltr'><strong><em>ἐλπίς.</em></strong></span> <span class='ocrx_word' id='word_1_158' title='bbox 780 2983 823 3048; x_wconf 82' lang='grc' dir='ltr'>τὰ</span> <span class='ocrx_word' id='word_1_159' title='bbox 860 2984 900 3048; x_wconf 70' lang='grc' dir='ltr'>δὲ</span> <span class='ocrx_word' id='word_1_160' title='bbox 933 2979 1061 3048; x_wconf 79' lang='grc' dir='ltr'><strong><em>πολλὰ</em></strong></span> <span class='ocrx_word' id='word_1_161' title='bbox 1095 2979 1191 3065; x_wconf 83' lang='grc' dir='ltr'><strong><em>πρὸς</em></strong></span> <span class='ocrx_word' id='word_1_162' title='bbox 1223 2980 1289 3056; x_wconf 81' lang='grc' dir='ltr'>τὰς</span> 
     </span>
     <span class='ocr_line' id='line_1_23' title="bbox 226 3092 1289 3182; baseline -0.002 -25"><span class='ocrx_word' id='word_1_163' title='bbox 226 3093 496 3178; x_wconf 75' lang='grc' dir='ltr'><strong><em>ἐπιχειρήσεις</em></strong></span> <span class='ocrx_word' id='word_1_164' title='bbox 529 3092 547 3181; x_wconf 80' lang='grc' dir='ltr'><strong><em>ἡ</em></strong></span> <span class='ocrx_word' id='word_1_165' title='bbox 584 3100 743 3182; x_wconf 73' lang='grc' dir='ltr'>μεγίστη</span> <span class='ocrx_word' id='word_1_166' title='bbox 781 3095 876 3170; x_wconf 78' lang='grc' dir='ltr'><strong><em>ἐλπίς</em></strong></span> <span class='ocrx_word' id='word_1_167' title='bbox 904 3143 912 3159; x_wconf 93' lang='grc'><strong>.</strong></span> <span class='ocrx_word' id='word_1_168' title='bbox 944 3147 951 3161; x_wconf 92' lang='grc'><strong>.</strong></span> <span class='ocrx_word' id='word_1_169' title='bbox 980 3142 988 3158; x_wconf 89' lang='grc'><strong>.</strong></span> <span class='ocrx_word' id='word_1_170' title='bbox 1019 3141 1027 3158; x_wconf 87' lang='grc'><strong>.</strong></span> <span class='ocrx_word' id='word_1_171' title='bbox 1066 3093 1150 3156; x_wconf 84' lang='lat' dir='ltr'><strong>VIII</strong></span> <span class='ocrx_word' id='word_1_172' title='bbox 1183 3093 1237 3173; x_wconf 77' lang='lat'>22,</span> <span class='ocrx_word' id='word_1_173' title='bbox 1269 3093 1289 3155; x_wconf 79' lang='grc'>2</span> 
     </span>
     <span class='ocr_line' id='line_1_24' title="bbox 224 3201 1288 3294; baseline -0.002 -27"><span class='ocrx_word' id='word_1_174' title='bbox 224 3201 381 3288; x_wconf 62' lang='lat' dir='ltr'>decursus</span> <span class='ocrx_word' id='word_1_175' title='bbox 403 3211 468 3268; x_wconf 79' lang='grc' dir='ltr'>καὶ</span> <span class='ocrx_word' id='word_1_176' title='bbox 490 3206 793 3271; x_wconf 77' lang='grc' dir='ltr'><strong><em>καταλείπονται</em></strong></span> <span class='ocrx_word' id='word_1_177' title='bbox 816 3210 999 3288; x_wconf 78' lang='grc' dir='ltr'><strong><em>τέσσαρες</em></strong></span> <span class='ocrx_word' id='word_1_178' title='bbox 1021 3206 1108 3288; x_wconf 73' lang='grc' dir='ltr'><strong><em>νῆες</em></strong></span> <span class='ocrx_word' id='word_1_179' title='bbox 1124 3203 1164 3266; x_wconf 81' lang='grc' dir='ltr'>ἕν</span> <span class='ocrx_word' id='word_1_180' title='bbox 1179 3201 1288 3294; x_wconf 76' lang='grc' dir='ltr'><strong><em>αὐτῇ·</em></strong></span> 
     </span>
     <span class='ocr_line' id='line_1_25' title="bbox 224 3313 1291 3403; baseline -0.004 -25"><span class='ocrx_word' id='word_1_181' title='bbox 224 3320 289 3378; x_wconf 76' lang='grc' dir='ltr'>καὶ</span> <span class='ocrx_word' id='word_1_182' title='bbox 312 3313 437 3390; x_wconf 75' lang='grc' dir='ltr'><strong><em>αὖθις</em></strong></span> <span class='ocrx_word' id='word_1_183' title='bbox 459 3313 500 3379; x_wconf 70' lang='grc' dir='ltr'>αἱ</span> <span class='ocrx_word' id='word_1_184' title='bbox 523 3316 664 3381; x_wconf 79' lang='grc' dir='ltr'><strong><em>λοιπαὶ</em></strong></span> <span class='ocrx_word' id='word_1_185' title='bbox 680 3318 907 3403; x_wconf 72' lang='grc' dir='ltr'><strong><em>Μυτιλήνην</em></strong></span> <span class='ocrx_word' id='word_1_186' title='bbox 929 3315 1095 3400; x_wconf 69' lang='grc' dir='ltr'><strong><em>ἆιιιστᾶσι,</em></strong></span> <span class='ocrx_word' id='word_1_187' title='bbox 1112 3313 1291 3394; x_wconf 82' lang='lat' dir='ltr'><strong>VIII43‚3</strong></span> 
     </span>
     <span class='ocr_line' id='line_1_26' title="bbox 226 3424 1289 3509; baseline -0.001 -20"><span class='ocrx_word' id='word_1_188' title='bbox 226 3424 300 3490; x_wconf 80' lang='grc' dir='ltr'><strong><em>οὔτε</em></strong></span> <span class='ocrx_word' id='word_1_189' title='bbox 322 3425 390 3501; x_wconf 86' lang='grc' dir='ltr'>τὰς</span> <span class='ocrx_word' id='word_1_190' title='bbox 413 3425 642 3501; x_wconf 81' lang='grc' dir='ltr'><strong><em>Χαλκιδέως</em></strong></span> <span class='ocrx_word' id='word_1_191' title='bbox 666 3451 746 3502; x_wconf 79' lang='grc' dir='ltr'><strong><em>αντε,</em></strong></span> <span class='ocrx_word' id='word_1_192' title='bbox 764 3427 812 3490; x_wconf 86' lang='lat' dir='ltr'>Vl</span> <span class='ocrx_word' id='word_1_193' title='bbox 831 3428 938 3509; x_wconf 85' lang='lat'>101,3</span> <span class='ocrx_word' id='word_1_194' title='bbox 960 3433 1014 3490; x_wconf 82' lang='grc' dir='ltr'>καὶ</span> <span class='ocrx_word' id='word_1_195' title='bbox 1037 3427 1203 3508; x_wconf 80' lang='grc' dir='ltr'><strong><em>ὕστερον</em></strong></span> <span class='ocrx_word' id='word_1_196' title='bbox 1225 3427 1289 3488; x_wconf 79' lang='grc' dir='ltr'><strong><em>καί.</em></strong></span> 
     </span>
     <span class='ocr_line' id='line_1_27' title="bbox 229 3534 1293 3623; baseline -0.004 -24"><span class='ocrx_word' id='word_1_197' title='bbox 229 3535 352 3600; x_wconf 83' lang='lat' dir='ltr'>Similes</span> <span class='ocrx_word' id='word_1_198' title='bbox 390 3543 465 3600; x_wconf 89' lang='lat' dir='ltr'>suut</span> <span class='ocrx_word' id='word_1_199' title='bbox 497 3538 520 3600; x_wconf 94' lang='lat' dir='ltr'>ii</span> <span class='ocrx_word' id='word_1_200' title='bbox 555 3537 632 3618; x_wconf 84' lang='lat' dir='ltr'>loci,</span> <span class='ocrx_word' id='word_1_201' title='bbox 666 3539 780 3622; x_wconf 89' lang='lat' dir='ltr'>quibus</span> <span class='ocrx_word' id='word_1_202' title='bbox 812 3547 948 3623; x_wconf 85' lang='lat' dir='ltr'>propter</span> <span class='ocrx_word' id='word_1_203' title='bbox 979 3537 1151 3621; x_wconf 82' lang='lat' dir='ltr'>repetitam</span> <span class='ocrx_word' id='word_1_204' title='bbox 1187 3534 1293 3597; x_wconf 89' lang='lat' dir='ltr'>termi-</span> 
     </span>
     <span class='ocr_line' id='line_1_28' title="bbox 228 3648 1158 3731; baseline -0.001 -23"><span class='ocrx_word' id='word_1_205' title='bbox 228 3648 389 3712; x_wconf 89' lang='lat' dir='ltr'>nationem</span> <span class='ocrx_word' id='word_1_206' title='bbox 411 3648 505 3731; x_wconf 88' lang='lat' dir='ltr'>plura</span> <span class='ocrx_word' id='word_1_207' title='bbox 526 3649 627 3711; x_wconf 87' lang='lat' dir='ltr'>verba</span> <span class='ocrx_word' id='word_1_208' title='bbox 648 3650 682 3712; x_wconf 88' lang='lat' dir='ltr'>in</span> <span class='ocrx_word' id='word_1_209' title='bbox 705 3651 822 3714; x_wconf 90' lang='lat' dir='ltr'>ceteris</span> <span class='ocrx_word' id='word_1_210' title='bbox 845 3651 1009 3714; x_wconf 90' lang='lat' dir='ltr'>codicibus</span> <span class='ocrx_word' id='word_1_211' title='bbox 1032 3649 1158 3711; x_wconf 89' lang='lat' dir='ltr'>desunt.</span> 
     </span>
    </p>

    <p class='ocr_par' dir='ltr' id='par_1_5' title="bbox 228 3759 1330 4288">
     <span class='ocr_line' id='line_1_29' title="bbox 332 3759 1291 3846; baseline -0.001 -25"><span class='ocrx_word' id='word_1_212' title='bbox 332 3759 399 3822; x_wconf 90' lang='lat' dir='ltr'>Vll</span> <span class='ocrx_word' id='word_1_213' title='bbox 434 3760 483 3840; x_wconf 79' lang='lat'>78,</span> <span class='ocrx_word' id='word_1_214' title='bbox 514 3760 534 3822; x_wconf 78' lang='lat'><strong>2</strong></span> <span class='ocrx_word' id='word_1_215' title='bbox 568 3760 605 3824; x_wconf 79' lang='lat' dir='ltr'>ad</span> <span class='ocrx_word' id='word_1_216' title='bbox 639 3759 675 3823; x_wconf 73' lang='grc' dir='ltr'>δὲ</span> <span class='ocrx_word' id='word_1_217' title='bbox 700 3759 813 3844; x_wconf 75' lang='grc' dir='ltr'><strong><em>ἐχώρει</em></strong></span> <span class='ocrx_word' id='word_1_218' title='bbox 849 3761 883 3825; x_wconf 74' lang='grc' dir='ltr'>ἓν</span> <span class='ocrx_word' id='word_1_219' title='bbox 919 3761 1060 3846; x_wconf 80' lang='grc' dir='ltr'><strong><em>πλαισίῳ</em></strong></span> <span class='ocrx_word' id='word_1_220' title='bbox 1085 3760 1291 3840; x_wconf 79' lang='grc' dir='ltr'><strong><em>τεταγμένον,</em></strong></span> 
     </span>
     <span class='ocr_line' id='line_1_30' title="bbox 230 3865 1294 3955; baseline -0.001 -22"><span class='ocrx_word' id='word_1_221' title='bbox 230 3873 409 3952; x_wconf 74' lang='grc' dir='ltr'><strong><em>,πρῶτον</em></strong></span> <span class='ocrx_word' id='word_1_222' title='bbox 430 3873 504 3954; x_wconf 80' lang='grc' dir='ltr'>μὲν</span> <span class='ocrx_word' id='word_1_223' title='bbox 526 3869 766 3955; x_wconf 72' lang='grc' dir='ltr'><strong><em>ἡγούμενον“</em></strong></span> <span class='ocrx_word' id='word_1_224' title='bbox 784 3871 819 3936; x_wconf 88' lang='grc' dir='ltr'>τὸ</span> <span class='ocrx_word' id='word_1_225' title='bbox 836 3875 960 3952; x_wconf 83' lang='grc' dir='ltr'><strong><em>Νικίου,</em></strong></span> <span class='ocrx_word' id='word_1_226' title='bbox 984 3870 1192 3955; x_wconf 79' lang='grc' dir='ltr'><strong><em>ἐφεπόμενον</em></strong></span> <span class='ocrx_word' id='word_1_227' title='bbox 1208 3869 1244 3931; x_wconf 77' lang='grc' dir='ltr'>δὲ</span> <span class='ocrx_word' id='word_1_228' title='bbox 1259 3865 1294 3932; x_wconf 81' lang='grc' dir='ltr'>τὸ</span> 
     </span>
     <span class='ocr_line' id='line_1_31' title="bbox 228 3957 1330 4071; baseline -0.002 -28"><span class='ocrx_word' id='word_1_229' title='bbox 228 3985 474 4064; x_wconf 72' lang='grc' dir='ltr'>Δημοσθένους.</span> <span class='ocrx_word' id='word_1_230' title='bbox 520 3980 760 4071; x_wconf 87' lang='lat' dir='ltr'>Rejectaneum</span> <span class='ocrx_word' id='word_1_231' title='bbox 778 3992 840 4065; x_wconf 86' lang='lat' dir='ltr'>est,</span> <span class='ocrx_word' id='word_1_232' title='bbox 869 3982 955 4065; x_wconf 90' lang='lat' dir='ltr'>quod</span> <span class='ocrx_word' id='word_1_233' title='bbox 982 3981 1095 4044; x_wconf 90' lang='lat' dir='ltr'>suadet</span> <span class='ocrx_word' id='word_1_234' title='bbox 1117 3980 1150 4042; x_wconf 92' lang='lat' dir='ltr'>in</span> <span class='ocrx_word' id='word_1_235' title='bbox 1172 3979 1295 4061; x_wconf 89' lang='lat' dir='ltr'>majore</span> <span class='ocrx_word' id='word_1_236' title='bbox 1324 3957 1330 3960; x_wconf 37' lang='grc'><em>”</em></span> 
     </span>
     <span class='ocr_line' id='line_1_32' title="bbox 228 4089 1294 4178; baseline 0.003 -26"><span class='ocrx_word' id='word_1_237' title='bbox 228 4090 371 4154; x_wconf 86' lang='lat' dir='ltr'>editione</span> <span class='ocrx_word' id='word_1_238' title='bbox 395 4091 520 4176; x_wconf 86' lang='lat' dir='ltr'>Poppo,</span> <span class='ocrx_word' id='word_1_239' title='bbox 543 4112 584 4154; x_wconf 91' lang='lat' dir='ltr'>ne</span> <span class='ocrx_word' id='word_1_240' title='bbox 605 4094 796 4177; x_wconf 87' lang='lat' dir='ltr'>recipiamus</span> <span class='ocrx_word' id='word_1_241' title='bbox 819 4093 876 4157; x_wconf 90' lang='lat' dir='ltr'>scd</span> <span class='ocrx_word' id='word_1_242' title='bbox 900 4113 939 4155; x_wconf 82' lang='lat' dir='ltr'>ex</span> <span class='ocrx_word' id='word_1_243' title='bbox 969 4093 1177 4178; x_wconf 76' lang='grc' dir='ltr'><strong><em>ἔφεπόμενον</em></strong></span> <span class='ocrx_word' id='word_1_244' title='bbox 1201 4090 1237 4154; x_wconf 70' lang='grc' dir='ltr'>δὲ</span> <span class='ocrx_word' id='word_1_245' title='bbox 1258 4089 1294 4155; x_wconf 85' lang='grc' dir='ltr'>τὸ</span> 
     </span>
     <span class='ocr_line' id='line_1_33' title="bbox 228 4199 1295 4288; baseline 0.001 -23"><span class='ocrx_word' id='word_1_246' title='bbox 228 4205 465 4286; x_wconf 63' lang='grc' dir='ltr'><strong><em>Δημοσθένους</em></strong></span> <span class='ocrx_word' id='word_1_247' title='bbox 498 4203 722 4286; x_wconf 85' lang='lat' dir='ltr'>intellegamus</span> <span class='ocrx_word' id='word_1_248' title='bbox 750 4203 828 4265; x_wconf 93' lang='lat' dir='ltr'>illud</span> <span class='ocrx_word' id='word_1_249' title='bbox 857 4208 988 4288; x_wconf 82' lang='grc' dir='ltr'><strong><em>πρῶτον</em></strong></span> <span class='ocrx_word' id='word_1_250' title='bbox 1015 4209 1074 4288; x_wconf 75' lang='grc' dir='ltr'>μὲν</span> <span class='ocrx_word' id='word_1_251' title='bbox 1102 4199 1295 4288; x_wconf 76' lang='grc' dir='ltr'>ἡγούμενον,</span> 
     </span>
    </p>

    <p class='ocr_par' dir='ltr' id='par_1_6' title="bbox 1169 4322 1186 4376">
     <span class='ocr_line' id='line_1_34' title="bbox 1169 4322 1186 4376; baseline 0 0"><span class='ocrx_word' id='word_1_252' title='bbox 1169 4322 1186 4376; x_wconf 82' lang='grc'><strong>2</strong></span> 
     </span>
    </p>
   </div>
   <div class='ocr_carea' id='block_1_3' title="bbox 0 0 1535 4760">
    <p class='ocr_par' dir='ltr' id='par_1_7' title="bbox 0 0 1535 4760">
     <span class='ocr_line' id='line_1_35' title="bbox 0 0 1535 4760; baseline 0 0"><span class='ocrx_word' id='word_1_253' title='bbox 0 0 1535 4760; x_wconf 95' lang='lat' dir='ltr'> </span> 
     </span>
    </p>
   </div>
  </div>
 </body>
</html>
