3038 4760
699 523 872 590 -·3-

361 711 473 796 Neque
495 713 544 776 VI
568 713 607 778 51
633 721 682 778 est
705 715 842 792 dubium,
871 715 947 798 quin
969 705 1074 798 aptius
1103 701 1316 778 drantsddcr·

199 823 200 830 '
256 849 314 900 arg,
338 846 432 907 quam
454 825 649 900 πλεύσαντες
671 832 772 910 ponat
774 847 809 888 ur
759 825 872 888 tde
889 825 1131 890 Atheniensium
1151 825 1192 888 ad
1206 827 1316 888 urbem

255 936 414 1018 Rhegium
443 936 589 1018 trajectu
640 935 743 1000 Sed
734 959 767 1000 m
796 937 928 1018 vulgata
955 938 1113 1021 scriptura
1139 944 1317 1020 perstamus
1382 985 1384 992 ι

255 1048 289 1110 ΙΙ
312 1048 361 1128 81,
385 1048 405 1110 3
439 1045 580 1114 otras
548 1048 677 1112 δίκαιον
708 1073 762 1133 της
793 1045 923 1134 γνώμης
956 1045 990 1112 τὸ
1020 1047 1064 1133 μὴ
1090 1045 1171 1112 κατὰ
1198 1047 1317 1129 ιιράιος

256 1162 401 1242 νικηθέν,
427 1159 503 1239 ἕχον
526 1159 563 1222 δέ
579 1182 651 1223 τινα
667 1159 704 1223 ἓν
719 1157 805 1244 αὑτῷ
822 1157 1013 1240 ἀντιλογίαν
1028 1163 1133 1244 τῆςγε
1149 1159 1318 1241 ξυμφορᾶς
1419 1171 1422 1180 '

255 1271 297 1354 τῷ
322 1267 487 1351 ἀποβάντι
510 1268 751 1354 ἀμβλύνεσθαι.
793 1269 960 1333 Classenus
975 1269 1169 1332 Vaticanum
1192 1275 1317 1332 secutus

256 1381 382 1463 abjecto
412 1383 459 1464 μή
486 1383 531 1444 111
557 1382 803 1464 interpretatur:
835 1401 894 1444 nec
917 1381 1010 1444 decet
1032 1380 1148 1444 fortem
1171 1380 1317 1468 animum,
1367 1439 1394 1462 ·‚

146 1537 153 1544 -
255 1494 309 1574 qui
336 1496 456 1554 summo
478 1492 590 1556 labore
614 1494 655 1555 ad
678 1499 802 1576 tempus
824 1495 928 1556 rictus
950 1499 1007 1572 est,
1035 1492 1133 1555 habet
1155 1498 1261 1556 tamen
1284 1491 1316 1553 in

255 1623 297 1682 se,
321 1624 383 1692 quo
406 1611 571 1686 repugnet,
594 1604 628 1666 id
650 1612 699 1667 est
722 1626 777 1668 cur
798 1605 922 1688 putarit
936 1604 1005 1668 fore
1027 1604 1110 1665 utin
1126 1603 1318 1666 contrariam

254 1721 378 1796 partem
400 1735 451 1778 res
474 1715 607 1795 accidat,
630 1716 714 1779 malo
737 1716 885 1779 fortunae
908 1721 1024 1778 eventu
1045 1707 1152 1796 affligi.
1188 1716 1233 1776 At
1249 1697 1318 1776 cum

255 1824 405 1890 Classenc
430 1845 469 1888 ne
491 1826 590 1892 facias
611 1828 784 1910 prohibent
805 1847 885 1910 quae
910 1834 1096 1909 sequuntur:
1125 1829 1258 1908 νομίσαι
1282 1825 1318 1888 δὲ

255 1947 324 2009 ταῖς
347 1940 407 2019 μὲν
430 1938 541 2018 τύχαις
565 1936 759 2018 ἐνδέχεσθαι
785 1938 997 2023 σφάλλεσθαι
1017 1936 1089 2012 τοὺς
1104 1937 1317 2020 ἀνθρώπους,

257 2058 327 2120 ταῖς
355 2047 401 2110 δὲ’
414 2049 560 2131 γνώμαις
581 2045 655 2121 τοὺς
678 2045 794 2122 αὐτοὺς
817 2045 869 2112 ἀεὶ
891 2047 1063 2131 ἀνδρείους
1086 2047 1316 2134 doddo-strar.

258 2155 361 2233 Quom
388 2160 472 2221 enim
497 2159 583 2222 inter
609 2179 642 2221 se
676 2165 789 2240 τύχαις
823 2159 1018 2241 ἐνδέχεσθαι
1051 2160 1258 2243 spartana
1286 2166 1320 2222 et

257 2271 402 2352 γνώμαις
436 2273 510 2345 τοὺς
543 2267 661 2345 αὐτοὺς
695 2269 747 2334 ἀεὶ
775 2269 947 2355 ἀνδρείους
974 2270 1084 2355 ὀρθῶς
1112 2273 1196 2336 εἶναι
1218 2291 1320 2355 xoppo-

257 2387 385 2462 nantur,
413 2403 478 2445 non
504 2388 627 2446 mutato
660 2402 753 2446 sensu
784 2383 829 2446 sic
855 2383 953 2446 liceat
979 2382 1116 2446 formare
1141 2384 1319 2447 orationem

258 2496 388 2575 νομίσαι
417 2493 453 2556 δὲ
481 2505 550 2568 ταῖς
572 2499 633 2577 μὲν
654 2495 768 2575 τύχαις
792 2494 989 2576 ἐνδέχεσθαι
1011 2494 1221 2577 σφάλλεσθαι
1237 2479 1321 2568 ιτοὺς

259 2601 471 2690 ἀνθρώπους,
495 2616 566 2680 ταῖς
589 2605 625 2668 δὲ
647 2607 794 2684 γνώμαις
816 2604 859 2690 μὴ
883 2606 1077 2686 ἐνδέχεσθαι
1091 2597 1318 2689 σφάλλεσθαι.
1360 2661 1363 2673 .

258 2715 332 2780 Hoc
356 2725 463 2783 autem
487 2717 513 2777 si
536 2717 735 2798 conceditur,
759 2726 894 2802 apparet
917 2717 1092 2780 desiderari
1115 2712 1150 2778 τὸ
1173 2712 1320 2799 μὴκατὰ

257 2830 373 2910 κρύτος
407 2831 553 2911 νικηθέν,
588 2847 628 2888 ue
663 2847 768 2890 secum
796 2817 939 2910 pugnent
970 2835 1122 2907 oratores,
1156 2827 1209 2908 qui
1238 2825 1321 2888 infra

258 2938 373 3002 dicturi
402 2939 466 3000 sint
492 2939 651 3002 mentibus
678 2939 764 3002 uiros
790 2959 855 3001 non
884 2959 979 3022 posse
1001 2939 1095 3002 vinci.
1142 2937 1247 3014 Quare
1277 2940 1323 3022 μή

257 3051 434 3116 retinentes
467 3051 513 3113 sic
545 3051 690 3114 volumus
723 3048 890 3131 explicari:
925 3071 1027 3132 neque
1056 3050 1149 3113 decet
1172 3056 1319 3128 mentem,

257 3183 338 3246 quae
361 3163 394 3225 vi
416 3181 481 3224 non
503 3168 553 3224 est
575 3161 669 3240 victa,
692 3161 748 3224 sed
770 3161 868 3224 habet
889 3161 922 3223 in
944 3181 986 3238 se,
1010 3181 1072 3242 quo
1089 3167 1255 3245 repugnet,
1277 3179 1318 3222 ne
1341 3171 1343 3180 ’

257 3277 411 3354 vincatur,
440 3273 523 3336 malo
551 3279 669 3335 eventu
699 3272 808 3354 affligi.
853 3271 965 3354 Neque
989 3272 1063 3354 jure
1086 3279 1215 3336 accusat
1237 3272 1321 3336 Clas·

257 3407 363 3467 senus,
400 3383 486 3466 quod
523 3384 718 3447 vindicemus
756 3385 877 3447 aoristo
911 3385 1048 3466 tempori
1080 3384 1145 3446 vim
1177 3381 1319 3465 perfecti,
1379 3408 1380 3414 ¹

257 3519 352 3600 quom
374 3501 486 3558 nostra
509 3494 724 3576 explicatione
749 3500 885 3581 vrupdtv
906 3481 1104 3558 nullumta
1054 3502 1173 3558 statum
1200 3493 1321 3556 indicet

257 3609 351 3671 sedt
338 3606 491 3690 temporis
513 3613 654 3670 moment
656 3627 715 3684 um,
739 3626 801 3688 quo
824 3625 889 3668 non
913 3615 988 3670 1011
991 3607 1087 3728 igcrit
1108 3605 1261 3684 hostibus,
1284 3610 1320 3666 ut

257 3717 584 3782 Lacedaemoniorum
607 3725 730 3781 mentes
752 3718 928 3780 vincerent

365 3829 500 3892 Minoris
536 3829 689 3892 momenti
724 3836 774 3892 111
761 3828 913 3892 ttdefee
900 3835 950 3891 tus
983 3827 1159 3911 particulae
1190 3831 1243 3890 καὶ
1270 3825 1319 3889 IV

206 3991 210 3996 .
257 3929 370 4023 12111
404 3947 458 4006 καὶ
487 3942 522 4004 ἐν
547 3941 648 4026 τούτῳ
672 3941 920 4025 διαφερομένων
953 3938 1061 4004 αὐτῶν
1094 3937 1238 4024 ἠγγέλθη
1270 3937 1319 4002 ὅτι

258 4060 320 4116 καὶ
358 4051 389 4117 οἱ
419 4051 568 4136 Ἰλλυριοὶ
603 4054 669 4136 μετ’
698 4050 889 4135 Ἀρριβαίου
926 4051 1104 4132 προδόντες
1136 4050 1320 4130 Περδίκκαν

258 4169 454 4252 γεγένηνται.
491 4164 642 4228 01111110
676 4163 824 4247 displicet
857 4165 927 4238 καί,
963 4183 1056 4245 quam
1089 4181 1201 4226 rocem
1222 4168 1320 4243 negat

1178 4279 1212 4340 1¹}
