3038 4760
662 508 833 570 *10-

217 691 247 757 oi
272 691 459 779 Ἀθηναῖοι,
488 715 677 776 quamquam
705 693 921 773 ἐπαγγέλλειν
946 696 1052 761 active
1074 717 1144 758 oum
1167 697 1278 759 dativo

149 823 152 832 ¹
216 802 367 884 juugitur.
412 804 478 866 Alii
500 804 622 868 malunt
643 813 749 869 monte
771 813 919 890 repetere
947 805 985 869 τὰ
1006 806 1141 889 Ἴσθμια
1164 828 1223 872 nec
1245 807 1278 870 id

216 914 297 978 male
322 913 361 978 cf
377 964 382 976 .
404 916 433 978 'I
469 916 539 996 126,
568 915 587 979 3
623 915 736 1000 ἐπειδὴ
771 916 923 1001 ἐπῆλθον
949 915 1114 1000 Ὀλύμπια
1142 918 1172 979 V
1201 919 1230 998 h,
1258 918 1278 980 2

217 1027 362 1106 Κάρνεια
389 1026 568 1108 ἐτύγχανον
597 1027 686 1091 ὄντα.
732 1028 795 1090 Sed
817 1029 907 1092 utin
928 1029 1034 1094 medio
1057 1027 1279 1110 relinquamus

216 1145 320 1200 utrum
354 1135 390 1200 αί
426 1139 571 1203 σπονδαί
603 1160 644 1202 an
676 1137 715 1201 τά
741 1141 873 1221 Ἴσθμια
907 1141 1018 1204 melius
1051 1140 1211 1219 audiatur,
1245 1139 1278 1200 id

216 1257 338 1314 certum
368 1256 417 1313 est
446 1249 609 1331 vulgatam
636 1251 826 1334 scripturam
856 1252 1009 1335 explicari
1039 1269 1146 1335 posse,
1180 1270 1278 1332 quare

216 1361 394 1444 putaverim
418 1359 452 1424 ai
476 1361 619 1426 σπονδαί
635 1363 668 1424 in
684 1361 877 1425 Vaticanum
892 1363 1067 1425 insinuasse
1087 1382 1127 1424 ex
1142 1361 1279 1440 scholiis,

216 1491 297 1553 quae
332 1473 499 1536 continent
531 1473 572 1536 ad
606 1473 688 1536 huuc
719 1474 824 1538 locum
853 1475 934 1538 hanc
965 1474 1211 1558 explicationem
1244 1469 1279 1534 αί

205 1583 358 1646 ,σπονδαὶ
382 1583 482 1670 δῆλον
504 1584 562 1650 ὅτι.

322 1695 404 1758 VIII
428 1695 466 1756 21
496 1700 550 1757 xui-
577 1693 594 1760 ὁ
624 1695 726 1780 δῆμος
755 1695 772 1761 δ
796 1659 929 1778 Σαμίων
956 1695 989 1770 ἐς
1012 1696 1197 1770 διακοσίους
1219 1697 1280 1778 μέν

215 1829 305 1879 τινας
326 1803 400 1880 τοὺς
422 1806 549 1880 πάντας
571 1809 634 1870 τῶν
659 1808 808 1871 δυνατῶν
831 1805 1031 1882 ἀπέκτεινεν,
1057 1811 1279 1890 τετρακοσίους

216 1917 251 1980 δὲ
275 1919 361 2008 φοχη
384 1917 597 2002 ζημιώσαντες
619 1925 673 1981 καὶ
696 1917 787 1983 αὐτοὶ
810 1918 866 2002 τὴν
889 1923 949 2003 γῆν
972 1916 1079 1982 αὐτῶν
1101 1926 1155 1982 καὶ
1176 1920 1279 1992 οίκίας

215 2029 416 2112 νειμάμενοι,
440 2027 632 2113 Ἀθηναίων
660 2055 692 2093 τε
720 2035 832 2114 σφίσιν
853 2027 1056 2113 αὐτονομίαν
1076 2031 1156 2114 μετά
1179 2035 1279 2094 ταῦτα

216 2142 258 2216 ὡς
291 2145 437 2224 βεβαίοις
470 2139 530 2226 ἠ’δη
565 2147 805 2227 ψηφισαμένων
837 2141 876 2205 τοὶ
912 2142 1015 2206 λοιπὰ
1050 2142 1190 2229 διηίκοιιν
1223 2141 1279 2225 την

215 2255 316 2319 πόλιν
344 2303 352 2318 .
379 2303 386 2318 .
412 2301 451 2317 ..
480 2254 557 2316 Vat.
593 2255 784 2337 νειμάμενοι
815 2265 1014 2334 κατεῖχον,
1050 2301 1057 2317 .
1090 2301 1098 2316 .
1135 2253 1279 2316 Proficis-

216 2367 351 2430 cendum
374 2373 423 2429 est
445 2386 485 2428 ex
507 2365 638 2448 vulgata
660 2367 826 2448 scriptura,
857 2367 889 2428 in
913 2387 975 2448 qua
997 2365 1075 2428 nihil
1097 2365 1278 2448 requiritur,

216 2499 311 2560 quom
345 2479 441 2541 moris
463 2477 505 2540 sit
529 2477 727 2560 Thucydidci
760 2477 991 2542 nominativum
1024 2476 1186 2560 participii
1210 2497 1279 2539 cum

216 2589 359 2671 genitivo
383 2589 530 2652 absoluto
553 2589 704 2672 copulare
731 2589 835 2652 velut:
866 2591 955 2670 167,
982 2595 995 2655 l
1027 2589 1096 2668 οὐχ’
1120 2575 1296 2672 ἡσύχαζον

216 2699 349 2784 ἀνδρῶν
368 2726 401 2764 τε
417 2703 528 2784 σφίσιν
544 2700 684 2765 ἐνόντων
699 2707 752 2764 καὶ
767 2701 838 2784 ἅμα
855 2707 930 2783 περὶ
945 2705 985 2784 τῷ
1002 2697 1277 2785 χοιρίηνδεδιόιες.
1309 2762 1312 2770 ,

216 2811 299 2874 VIII
322 2810 372 2890 45,
398 2811 413 2874 1
438 2809 648 2897 Ἀλκιβιάδης
669 2824 735 2885 τοϊς
759 2811 1039 2897 Πελοποννησίοις
1062 2810 1211 2884 ὕποπτος
1234 2810 1280 2872 ὥν

216 2928 270 2986 καὶ
303 2919 362 2986 ἀπ’
395 2920 503 2986 αὐτῶν
536 2921 737 3008 ἀφικομένης
772 2923 942 3008 ἐπιστολῆς
977 2921 1053 2996 ὥςτε
1087 2920 1280 2986 ἀποκτεῖναι

217 3035 384 3118 ὑποχωρεῖ
405 3034 497 3118 παρὰ
523 3039 759 3120 Τισσαφέρνην.
805 3035 919 3117 ltaque
942 3035 1018 3098 mihi
1040 3034 1210 3097 verisimile
1231 3040 1281 3096 est

217 3146 411 3230 deprehendi
435 3146 468 3208 iu
483 3144 643 3208 Vaticano
669 3146 923 3210 additamentum
945 3145 1145 3229 grammatici
1169 3146 1223 3227 qui
1248 3144 1280 3206 in

217 3259 365 3342 neglecta
387 3258 603 3321 concinnitate
627 3258 806 3321 offenderit.

322 3369 406 3432 VIII
429 3368 479 3450 39,
502 3369 523 3431 4
546 3368 701 3433 ἐντεῦθεν
724 3369 763 3454 δη
787 3367 830 3444 ὡς
853 3370 889 3432 ἐν
912 3367 1057 3451 ἀσφαλεῖ
1078 3367 1167 3442 ὄντες
1189 3366 1279 3446 ciryc-

218 3482 294 3546 λίαν
317 3481 466 3565 ἔπεμπον
490 3479 544 3544 ἐπὶ
565 3478 622 3554 τάς
646 3480 681 3543 ἐν
701 3506 736 3570 τη
754 3481 889 3566 Μιλήτῳ
905 3481 985 3554 ναῦς
1000 3483 1056 3544 τοῦ
1074 3483 1280 3563 ξομπαρακο·
1340 3528 1344 3536 .

217 3597 392 3680 μισίληναι,
421 3591 497 3655 Vat.
529 3593 645 3676 χάριν
677 3595 732 3656 τοῦ
769 3594 1141 3677 ξομπαρακομισδηναι.
1189 3589 1280 3652 Solet

218 3705 420 3790 Thucydides
441 3706 539 3788 χάριν
560 3706 654 3766 ἕνεκα
678 3704 825 3767 omittere
848 3711 923 3767 ante
946 3705 1107 3784 genitivos
1122 3701 1279 3780 infinitivi,

218 3818 271 3900 qui
304 3839 371 3882 mos
403 3818 478 3899 quia
509 3816 658 3900 proprius
695 3823 744 3878 cst
777 3815 1016 3898 Thucydideus,
1054 3813 1199 3898 prolecto
1234 3813 1279 3876 sie

218 3928 422 3993 statuendum
463 3937 513 3992 est
549 3948 613 3991 non
649 3929 683 3990 in
721 3927 835 3991 ceteris
873 3928 1036 3990 codicibus
1074 3925 1279 3988 intercidisse

218 4045 325 4126 χάριν,
360 4042 416 4104 sed
439 4043 471 4106 in
493 4042 686 4106 Vaticanum
713 4042 837 4105 illatum
860 4059 928 4106 csse
952 4045 987 4104 ut
1009 4039 1108 4104 verba
1130 4036 1279 4118 vulgatae

221 4157 353 4227 dictioni
376 4155 701 4225 accommodarentur.
725 4191 765 4203 -
