3038 4760
656 495 827 564 ..33-

317 687 467 752 Vidimus
501 709 656 772 persaepe
688 689 883 752 Vaticanum
916 685 1115 770 grammatici
1146 705 1274 750 manum
1309 665 1350 914 q
1382 767 1386 790 ι

210 800 435 864 correctricem
455 807 621 885 expertum
638 817 720 882 esse3
744 799 830 882 quod
854 820 1045 882 quamquam
1057 799 1104 862 ita
1119 819 1152 862 sc
1167 799 1273 879 habet,

209 917 316 974 tamen
338 931 404 974 uon
426 919 475 976 sto
499 913 540 974 ab
563 912 609 992 iis,
634 911 688 993 qui
710 930 775 974 uon
799 911 948 974 dubitent
963 911 1153 994 scripturam
1167 908 1274 991 rulga·

209 1029 275 1084 tam
298 1023 390 1102 tueri,
413 1023 538 1086 etiamsi
561 1009 650 1085 salvo
674 1042 767 1085 seusu
790 1029 845 1086 aut
867 1023 963 1086 salvis
980 1022 1133 1086 sermonis
1149 1021 1273 1103 legibus

209 1153 276 1196 non
298 1135 402 1217 possit
423 1133 503 1196 fieri.

314 1247 379 1306 VII
415 1244 465 1324 39,
496 1243 516 1307 2
553 1245 667 1308 πείθει
703 1241 776 1319 τοὺς
815 1247 989 1328 σφετέρους
1025 1247 1082 1308 τοῦ
1119 1244 1271 1308 ναυτικοῦ

210 1355 385 1439 ἄρχοντας,
411 1359 610 1439 πέμψαντας
633 1353 676 1428 ὥς
697 1352 771 1430 τοὺς
794 1355 829 1417 ἓν
850 1357 886 1446 τῇ
902 1352 1001 1419 πόλει
1020 1352 1274 1436 ἐπιμελομένους

210 1466 357 1530 κελεύων
385 1465 435 1530 ότι
462 1468 597 1546 τάχιοτα
625 1463 681 1548 τὴν
704 1462 831 1548 άγοράν
852 1468 916 1530 τῶν
938 1465 1160 1548 πωλουμένων
1182 1463 1274 1548 παρά

209 1575 267 1662 τὴν
305 1577 481 1640 θάλασσαν
519 1579 712 1660 μεταστῆσαι
751 1581 958 1660 κομίσαντας.
1014 1576 1091 1638 vat.
1126 1578 1273 1658 μεταστή-

209 1707 328 1761 σαντας
351 1685 408 1749 ἰπὶ
429 1683 485 1768 τὴν
508 1686 684 1750 θάλασσαν
714 1691 856 1769 κομίσαι.
902 1688 941 1750 In
962 1687 1094 1768 vulgata
1116 1687 1274 1771 scriptura

208 1799 344 1882 primum
373 1803 422 1861 est
449 1797 615 1861 offensioni
647 1799 739 1880 παρά
768 1799 982 1882 praepositio,
1013 1817 1093 1881 quae
1120 1797 1181 1858 nisi
1202 1819 1273 1861 cum

208 1908 354 1992 personis
377 1907 491 1989 juncta
518 1930 583 1972 nou
612 1916 721 1992 potest
748 1910 797 1972 ad
826 1909 944 1973 valere.
989 1908 1144 1990 Reliquae
1167 1915 1273 1971 autem

210 2020 408 2084 differentiae
452 2021 607 2102 originem
651 2028 686 2084 ut
725 2021 928 2102 indagemus,
969 2019 1117 2083 librarius
1154 2020 1272 2084 inscius

209 2131 336 2194 videtur
367 2131 545 2194 sententiae
576 2131 710 2195 formam
737 2133 936 2196 assimulasse
965 2133 1011 2196 eis
1037 2131 1158 2212 verbis,
1190 2151 1271 2213 quae

211 2251 392 2326 sequuntur,
417 2242 546 2316 πάντας
570 2243 671 2307 ἐκεῖσε
694 2248 855 2328 φέροντας
878 2241 1063 2324 ἀναγκάσαι
1086 2242 1220 2307 πωλεῖν.

314 2358 379 2416 VII
401 2354 451 2434 57,
476 2354 495 2417 9
525 2357 641 2440 ξυνέβη
665 2355 701 2418 δὲ
722 2367 790 2429 τοῖς
813 2360 912 2440 Κρησὶ
935 2353 991 2439 τὴν
1013 2354 1118 2418 Γέλαν
1140 2354 1271 2430 Ροδίοις

212 2467 441 2545 ξυγκτίσαντας
466 2463 509 2548 μὴ
541 2463 598 2540 ξὺν
621 2477 688 2541 τοῖς
711 2464 877 2540 ἀποίκοις,
908 2461 979 2528 ἀλλ’
1006 2465 1057 2529 ini
1079 2463 1153 2540 τοὺς
1175 2463 1270 2530 άποί-

211 2597 288 2650 κους
315 2573 455 2650 ἄκοντας
477 2575 556 2659 μετά
580 2581 705 2660 μισθοῦ
728 2577 852 2641 ἐλθεῖν.
898 2577 975 2640 Vat.
1000 2575 1143 2651 ἑκόντας.
1189 2577 1270 2640 Bek-

209 2687 304 2750 kerus
334 2694 432 2770 negat
459 2688 655 2770 iude,·qu0d
677 2690 856 2752 mercedem
879 2695 1070 2771 acceperunt
1093 2688 1269 2770 Cretenses

209 2799 311 2880 sequi,
344 2805 380 2860 ut
409 2799 448 2860 iis
475 2799 614 2862 liberum
629 2801 737 2864 -suerit
764 2802 796 2862 in
824 2819 1027 2882 quoscunque
1053 2801 1174 2863 vellent
1199 2821 1279 2884 pro-¹

209 2909 317 2973 ficisci.
352 2907 416 2973 Sed
440 2911 605 2992 quominus
627 2913 660 2975 iu
683 2912 764 2975 hanc
780 2911 923 2974 fraudem
940 2911 1138 2993 deducamur,
1162 2913 1271 2975 obstat

210 3022 427 3116 paragraphus
442 3043 536 3104 nona,
557 3045 619 3106 qua
637 3024 840 3107 Thucydides
857 3023 984 3084 disertis
999 3021 1105 3086 verbis
1122 3022 1200 3084 dicit
1216 3041 1269 3084 eas

210 3140 322 3214 gentes
334 3154 412 3216 quas
425 3155 507 3198 nunc
520 3142 568 3198 est
581 3143 829 3215 enumeraturus,
839 3141 953 3218 sponte
965 3132 1083 3196 bellum
1095 3133 1269 3216 suscepisse

210 3241 289 3328 (τῶν
312 3245 348 3308 δὲ
372 3245 482 3309 ἄλλων
504 3245 649 3321 ἑκούσιος
670 3246 801 3328 μάλλον
825 3245 842 3332 ἡ
866 3248 1014 3326 στρατεία
1038 3244 1210 3326 ἐγίγνετο).

316 3357 401 3419 VIII
423 3357 473 3437 34,
498 3359 514 3420 1
545 3357 581 3420 ἕν
611 3357 710 3444 τούτῳ
740 3357 776 3422 δὲ
804 3357 909 3443 ἡτῶν
924 3356 1121 3441 Ἀθηναίων,
1138 3355 1270 3439 στρατιά

212 3515 393 3532 ......
420 3467 628 3550 ἐπιτυγχάνει
650 3475 731 3551 τρισὶ
754 3475 847 3533 ναυσὶ
869 3475 933 3533 τῶν
949 3472 1042 3532 Χίων
1063 3471 1202 3551 μακραῖς
1217 3472 1271 3530 καί

211 3579 318 3662 ὥςπερ
341 3579 464 3654 ἰδόντες
487 3579 635 3644 ἐδίωκον.
671 3581 747 3644 Vat.
765 3579 808 3656 ὥς
831 3580 931 3645 εἶδον.
971 3578 1099 3642 Nemini
1115 3579 1270 3660 probatur

211 3697 267 3754 aut
300 3697 410 3774 potest
441 3692 573 3774 probari
608 3692 714 3777 ὥςπερ
748 3692 881 3767 ἰδόντες.
932 3690 1043 3772 Neque
1074 3695 1180 3752 tamen
1209 3689 1270 3752 viri

211 3803 298 3866 docti
325 3803 358 3864 in
380 3802 532 3865 Vaticani
555 3805 712 3885 scriptura
735 3803 947 3886 acquiescunt,
978 3822 1017 3864 ex
1040 3821 1102 3882 quo
1125 3808 1269 3884 tempore

211 3911 351 3978 Stahlius
374 3914 551 3996 suspicatus
574 3920 623 3976 est
645 3915 809 3998 scripsisse
826 3913 1043 3997 Thucydidem
1059 3910 1165 3994 ὥςπερ
1181 3911 1270 3991 εἶχον

211 4026 336 4100 ἰδόντες
360 4025 517 4090 idimon·
553 4024 619 4088 Sed
645 4031 681 4087 ut
704 4032 865 4088 taceamus
887 4025 969 4090 male
992 4023 1117 4098 ἰδόντες
1137 4023 1270 4086 interce-

210 4135 285 4200 dere
316 4135 402 4198 inter
431 4135 535 4222 ὥςπερ
568 4137 659 4217 εἰχον
685 4137 719 4198 et
746 4135 897 4211 ἐδίωκον,
928 4137 998 4219 ipsa
1027 4135 1112 4198 ratio
1142 4134 1270 4197 videtur

1145 4253 1161 4306 3
