<?xml version="1.0" encoding="UTF-8"?>
<!DOCTYPE html PUBLIC "-//W3C//DTD XHTML 1.0 Transitional//EN"
    "http://www.w3.org/TR/xhtml1/DTD/xhtml1-transitional.dtd">
<html xmlns="http://www.w3.org/1999/xhtml" xml:lang="en" lang="en">
 <head>
  <title>
</title>
<meta http-equiv="Content-Type" content="text/html;charset=utf-8" />
  <meta name='ocr-system' content='tesseract 3.04.00' />
  <meta name='ocr-capabilities' content='ocr_page ocr_carea ocr_par ocr_line ocrx_word'/>
</head>
<body>
  <div class='ocr_page' id='page_1' title='image "./devaticanicodic00eggegoog_0016.png"; bbox 0 0 3038 4760; ppageno 0'>
   <div class='ocr_carea' id='block_1_1' title="bbox 763 0 1337 2">
    <p class='ocr_par' dir='ltr' id='par_1_1' title="bbox 763 0 1337 2">
     <span class='ocr_line' id='line_1_1' title="bbox 763 0 1337 2; baseline 0 0"><span class='ocrx_word' id='word_1_1' title='bbox 763 0 1337 2; x_wconf 95' lang='lat' dir='ltr'><strong> </strong></span> 
     </span>
    </p>
   </div>
   <div class='ocr_carea' id='block_1_2' title="bbox 192 715 1384 3029">
    <p class='ocr_par' dir='ltr' id='par_1_2' title="bbox 215 715 1300 2470">
     <span class='ocr_line' id='line_1_2' title="bbox 235 715 1296 806; baseline 0.001 -28"><span class='ocrx_word' id='word_1_2' title='bbox 235 718 445 806; x_wconf 75' lang='grc' dir='ltr'><strong><em>καρπουμένῃ</em></strong></span> <span class='ocrx_word' id='word_1_3' title='bbox 467 721 521 779; x_wconf 77' lang='grc' dir='ltr'><strong><em>καὶ</em></strong></span> <span class='ocrx_word' id='word_1_4' title='bbox 543 721 622 798; x_wconf 79' lang='grc' dir='ltr'><strong><em>πρὶν</em></strong></span> <span class='ocrx_word' id='word_1_5' title='bbox 638 715 832 798; x_wconf 77' lang='grc' dir='ltr'><strong><em>ἐλευθερίαν</em></strong></span> <span class='ocrx_word' id='word_1_6' title='bbox 845 720 1058 802; x_wconf 77' lang='grc' dir='ltr'><strong><em>βεβαιοτέραν</em></strong></span> <span class='ocrx_word' id='word_1_7' title='bbox 1074 717 1296 802; x_wconf 77' lang='grc' dir='ltr'><strong><em>παραδοῦναι,</em></strong></span> 
     </span>
     <span class='ocr_line' id='line_1_3' title="bbox 235 823 1299 912; baseline 0 -22"><span class='ocrx_word' id='word_1_8' title='bbox 235 824 334 901; x_wconf 84' lang='grc' dir='ltr'><strong><em>καλὸς</em></strong></span> <span class='ocrx_word' id='word_1_9' title='bbox 356 823 498 906; x_wconf 74' lang='grc' dir='ltr'><strong><em>σ”άγών</em></strong></span> <span class='ocrx_word' id='word_1_10' title='bbox 545 827 621 890; x_wconf 90' lang='lat' dir='ltr'><strong>Vat.</strong></span> <span class='ocrx_word' id='word_1_11' title='bbox 645 829 841 910; x_wconf 78' lang='grc' dir='ltr'><strong><em>πραξάντων</em></strong></span> <span class='ocrx_word' id='word_1_12' title='bbox 864 824 982 912; x_wconf 78' lang='grc' dir='ltr'><strong><em>ημῶν,</em></strong></span> <span class='ocrx_word' id='word_1_13' title='bbox 1012 829 1098 910; x_wconf 91' lang='lat' dir='ltr'><strong>quod</strong></span> <span class='ocrx_word' id='word_1_14' title='bbox 1121 849 1299 912; x_wconf 77' lang='lat' dir='ltr'>pronomen</span> 
     </span>
     <span class='ocr_line' id='line_1_4' title="bbox 215 937 1298 1022; baseline 0.003 -21"><span class='ocrx_word' id='word_1_15' title='bbox 215 937 414 1020; x_wconf 61' lang='lat' dir='ltr'><strong>Thucydidi</strong></span> <span class='ocrx_word' id='word_1_16' title='bbox 438 938 640 1002; x_wconf 90' lang='lat' dir='ltr'><strong>tribuendum</strong></span> <span class='ocrx_word' id='word_1_17' title='bbox 664 959 733 1002; x_wconf 91' lang='lat' dir='ltr'><strong>esse</strong></span> <span class='ocrx_word' id='word_1_18' title='bbox 755 939 831 1002; x_wconf 91' lang='lat' dir='ltr'><strong>mihi</strong></span> <span class='ocrx_word' id='word_1_19' title='bbox 853 959 918 1002; x_wconf 90' lang='lat' dir='ltr'><strong>non</strong></span> <span class='ocrx_word' id='word_1_20' title='bbox 940 939 1100 1022; x_wconf 80' lang='lat' dir='ltr'>persuasit</span> <span class='ocrx_word' id='word_1_21' title='bbox 1122 940 1298 1020; x_wconf 83' lang='lat' dir='ltr'><strong>Classenus,</strong></span> 
     </span>
     <span class='ocr_line' id='line_1_5' title="bbox 234 1049 1298 1134; baseline 0.003 -23"><span class='ocrx_word' id='word_1_22' title='bbox 234 1070 424 1132; x_wconf 87' lang='lat' dir='ltr'><strong>quamquam</strong></span> <span class='ocrx_word' id='word_1_23' title='bbox 445 1070 666 1134; x_wconf 81' lang='lat' dir='ltr'><strong>praegressum</strong></span> <span class='ocrx_word' id='word_1_24' title='bbox 683 1050 859 1134; x_wconf 77' lang='grc' dir='ltr'><strong><em>δράσουσιν</em></strong></span> <span class='ocrx_word' id='word_1_25' title='bbox 878 1057 1004 1134; x_wconf 89' lang='lat' dir='ltr'><strong>spectat</strong></span> <span class='ocrx_word' id='word_1_26' title='bbox 1019 1051 1061 1114; x_wconf 85' lang='lat' dir='ltr'><strong>ad</strong></span> <span class='ocrx_word' id='word_1_27' title='bbox 1076 1049 1298 1114; x_wconf 74' lang='lat' dir='ltr'><strong>Athenienses,</strong></span> 
     </span>
     <span class='ocr_line' id='line_1_6' title="bbox 234 1159 1299 1244; baseline 0.001 -21"><span class='ocrx_word' id='word_1_28' title='bbox 234 1159 347 1243; x_wconf 84' lang='lat' dir='ltr'><strong>Neque</strong></span> <span class='ocrx_word' id='word_1_29' title='bbox 380 1162 464 1224; x_wconf 91' lang='lat' dir='ltr'><strong>enim</strong></span> <span class='ocrx_word' id='word_1_30' title='bbox 497 1162 551 1224; x_wconf 91' lang='lat' dir='ltr'><strong>ille</strong></span> <span class='ocrx_word' id='word_1_31' title='bbox 586 1162 713 1224; x_wconf 89' lang='lat' dir='ltr'><strong>dicendi</strong></span> <span class='ocrx_word' id='word_1_32' title='bbox 746 1182 832 1242; x_wconf 83' lang='lat' dir='ltr'><strong>usus,</strong></span> <span class='ocrx_word' id='word_1_33' title='bbox 870 1183 932 1244; x_wconf 90' lang='lat' dir='ltr'><strong>quo</strong></span> <span class='ocrx_word' id='word_1_34' title='bbox 965 1183 1030 1226; x_wconf 92' lang='lat' dir='ltr'><strong>non</strong></span> <span class='ocrx_word' id='word_1_35' title='bbox 1063 1162 1169 1226; x_wconf 77' lang='lat' dir='ltr'><strong>solent</strong></span> <span class='ocrx_word' id='word_1_36' title='bbox 1202 1161 1299 1244; x_wconf 89' lang='lat' dir='ltr'><strong>adjici</strong></span> 
     </span>
     <span class='ocr_line' id='line_1_7' title="bbox 235 1273 1299 1356; baseline -0.001 -20"><span class='ocrx_word' id='word_1_37' title='bbox 235 1273 385 1355; x_wconf 84' lang='lat' dir='ltr'><strong>genitivis</strong></span> <span class='ocrx_word' id='word_1_38' title='bbox 412 1273 567 1336; x_wconf 85' lang='lat' dir='ltr'><strong>absolutis</strong></span> <span class='ocrx_word' id='word_1_39' title='bbox 593 1273 784 1356; x_wconf 90' lang='lat' dir='ltr'><strong>pronomina</strong></span> <span class='ocrx_word' id='word_1_40' title='bbox 810 1274 994 1355; x_wconf 80' lang='lat' dir='ltr'><strong>personalia</strong></span> <span class='ocrx_word' id='word_1_41' title='bbox 1021 1281 1077 1337; x_wconf 84' lang='lat' dir='ltr'><strong>aut</strong></span> <span class='ocrx_word' id='word_1_42' title='bbox 1104 1273 1299 1338; x_wconf 89' lang='lat' dir='ltr'><strong>demonstra·</strong></span> 
     </span>
     <span class='ocr_line' id='line_1_8' title="bbox 236 1384 1299 1469; baseline -0.001 -21"><span class='ocrx_word' id='word_1_43' title='bbox 236 1385 311 1464; x_wconf 88' lang='lat' dir='ltr'><strong>tiva,</strong></span> <span class='ocrx_word' id='word_1_44' title='bbox 335 1389 400 1446; x_wconf 92' lang='lat' dir='ltr'><strong>tam</strong></span> <span class='ocrx_word' id='word_1_45' title='bbox 423 1384 520 1448; x_wconf 84' lang='lat' dir='ltr'><strong>arctis</strong></span> <span class='ocrx_word' id='word_1_46' title='bbox 542 1384 657 1446; x_wconf 89' lang='lat' dir='ltr'><strong>finibus</strong></span> <span class='ocrx_word' id='word_1_47' title='bbox 680 1385 937 1469; x_wconf 84' lang='lat' dir='ltr'><strong>circumscriptus</strong></span> <span class='ocrx_word' id='word_1_48' title='bbox 959 1392 1016 1465; x_wconf 88' lang='lat' dir='ltr'><strong>est,</strong></span> <span class='ocrx_word' id='word_1_49' title='bbox 1047 1393 1082 1450; x_wconf 92' lang='lat' dir='ltr'><strong>ut</strong></span> <span class='ocrx_word' id='word_1_50' title='bbox 1103 1405 1234 1450; x_wconf 87' lang='lat' dir='ltr'><strong>necesse</strong></span> <span class='ocrx_word' id='word_1_51' title='bbox 1257 1385 1299 1447; x_wconf 88' lang='lat' dir='ltr'><strong>sit</strong></span> 
     </span>
     <span class='ocr_line' id='line_1_9' title="bbox 236 1494 1300 1580; baseline 0 -22"><span class='ocrx_word' id='word_1_52' title='bbox 236 1496 269 1558; x_wconf 89' lang='lat' dir='ltr'><strong>in</strong></span> <span class='ocrx_word' id='word_1_53' title='bbox 291 1495 438 1580; x_wconf 85' lang='lat' dir='ltr'><strong>proximo</strong></span> <span class='ocrx_word' id='word_1_54' title='bbox 457 1494 642 1557; x_wconf 89' lang='lat' dir='ltr'><strong>enunoitato</strong></span> <span class='ocrx_word' id='word_1_55' title='bbox 659 1497 831 1560; x_wconf 79' lang='lat' dir='ltr'><strong>antecedat</strong></span> <span class='ocrx_word' id='word_1_56' title='bbox 845 1517 971 1579; x_wconf 79' lang='lat' dir='ltr'><strong>nomen,</strong></span> <span class='ocrx_word' id='word_1_57' title='bbox 993 1497 1079 1580; x_wconf 92' lang='lat' dir='ltr'><strong>quod</strong></span> <span class='ocrx_word' id='word_1_58' title='bbox 1094 1496 1300 1578; x_wconf 83' lang='lat' dir='ltr'><strong>significatur,</strong></span> 
     </span>
     <span class='ocr_line' id='line_1_10' title="bbox 230 1601 1300 1690; baseline 0 -20"><span class='ocrx_word' id='word_1_59' title='bbox 230 1601 262 1670; x_wconf 51' lang='lat' dir='ltr'><strong>&#39;si</strong></span> <span class='ocrx_word' id='word_1_60' title='bbox 292 1606 387 1670; x_wconf 91' lang='lat' dir='ltr'><strong>modo</strong></span> <span class='ocrx_word' id='word_1_61' title='bbox 420 1626 460 1669; x_wconf 88' lang='lat' dir='ltr'><strong>ex</strong></span> <span class='ocrx_word' id='word_1_62' title='bbox 487 1607 648 1670; x_wconf 88' lang='lat' dir='ltr'><strong>sententia</strong></span> <span class='ocrx_word' id='word_1_63' title='bbox 675 1608 742 1672; x_wconf 90' lang='lat' dir='ltr'><strong>sine</strong></span> <span class='ocrx_word' id='word_1_64' title='bbox 770 1609 902 1690; x_wconf 89' lang='lat' dir='ltr'><strong>negotio</strong></span> <span class='ocrx_word' id='word_1_65' title='bbox 929 1609 1136 1690; x_wconf 85' lang='lat' dir='ltr'><strong>intellegatur</strong></span> <span class='ocrx_word' id='word_1_66' title='bbox 1164 1605 1218 1670; x_wconf 83' lang='lat' dir='ltr'><strong>ofr.</strong></span> <span class='ocrx_word' id='word_1_67' title='bbox 1248 1607 1300 1670; x_wconf 88' lang='lat' dir='ltr'><strong>HI</strong></span> 
     </span>
     <span class='ocr_line' id='line_1_11' title="bbox 236 1715 1298 1806; baseline 0.001 -25"><span class='ocrx_word' id='word_1_68' title='bbox 236 1715 286 1806; x_wconf 77' lang='lat'><strong>55,</strong></span> <span class='ocrx_word' id='word_1_69' title='bbox 304 1717 320 1780; x_wconf 91' lang='lat'>1</span> <span class='ocrx_word' id='word_1_70' title='bbox 338 1715 429 1798; x_wconf 81' lang='grc' dir='ltr'><strong><em>ὑμεῖς</em></strong></span> <span class='ocrx_word' id='word_1_71' title='bbox 445 1717 474 1781; x_wconf 86' lang='lat' dir='ltr'><strong>d&#39;</strong></span> <span class='ocrx_word' id='word_1_72' title='bbox 489 1720 604 1782; x_wconf 82' lang='grc' dir='ltr'><strong><em>αἴτιοι·</em></strong></span> <span class='ocrx_word' id='word_1_73' title='bbox 622 1718 788 1803; x_wconf 74' lang='grc' dir='ltr'><strong><em>δεομένων</em></strong></span> <span class='ocrx_word' id='word_1_74' title='bbox 803 1719 884 1802; x_wconf 83' lang='lat' dir='ltr'><strong>(soil.</strong></span> <span class='ocrx_word' id='word_1_75' title='bbox 902 1715 1007 1802; x_wconf 80' lang='grc' dir='ltr'><strong><em>ἡμῶν)</em></strong></span> <span class='ocrx_word' id='word_1_76' title='bbox 1025 1717 1088 1800; x_wconf 81' lang='grc' dir='ltr'><strong>γὰρ</strong></span> <span class='ocrx_word' id='word_1_77' title='bbox 1105 1721 1298 1802; x_wconf 80' lang='grc' dir='ltr'><strong><em>ξυμμαχίας,</em></strong></span> 
     </span>
     <span class='ocr_line' id='line_1_12' title="bbox 236 1817 1298 1914; baseline -0.002 -20"><span class='ocrx_word' id='word_1_78' title='bbox 236 1827 289 1894; x_wconf 84' lang='grc' dir='ltr'><strong>ὅτε</strong></span> <span class='ocrx_word' id='word_1_79' title='bbox 317 1817 458 1914; x_wconf 80' lang='grc' dir='ltr'><strong><em>Θηβαῖοι</em></strong></span> <span class='ocrx_word' id='word_1_80' title='bbox 493 1827 578 1912; x_wconf 78' lang='grc' dir='ltr'><strong><em>ἡμᾶς</em></strong></span> <span class='ocrx_word' id='word_1_81' title='bbox 609 1829 800 1911; x_wconf 86' lang='grc' dir='ltr'><strong><em>ἐβιάσαντο,</em></strong></span> <span class='ocrx_word' id='word_1_82' title='bbox 836 1830 927 1911; x_wconf 79' lang='grc' dir='ltr'><strong><em>ὑμεῖς</em></strong></span> <span class='ocrx_word' id='word_1_83' title='bbox 955 1827 1158 1894; x_wconf 78' lang='grc' dir='ltr'><strong><em>ἀπεώσασθε</em></strong></span> <span class='ocrx_word' id='word_1_84' title='bbox 1187 1879 1194 1893; x_wconf 94' lang='grc'><strong>.</strong></span> <span class='ocrx_word' id='word_1_85' title='bbox 1221 1878 1229 1894; x_wconf 88' lang='grc'><strong>.</strong></span> <span class='ocrx_word' id='word_1_86' title='bbox 1255 1877 1263 1893; x_wconf 91' lang='grc'><strong>.</strong></span> <span class='ocrx_word' id='word_1_87' title='bbox 1290 1876 1298 1892; x_wconf 92' lang='grc'><strong>.</strong></span> 
     </span>
     <span class='ocr_line' id='line_1_13' title="bbox 236 1939 1300 2024; baseline -0.002 -20"><span class='ocrx_word' id='word_1_88' title='bbox 236 1939 330 2004; x_wconf 85' lang='lat' dir='ltr'><strong>Adde</strong></span> <span class='ocrx_word' id='word_1_89' title='bbox 364 1940 450 2022; x_wconf 91' lang='lat' dir='ltr'><strong>quod</strong></span> <span class='ocrx_word' id='word_1_90' title='bbox 483 1941 685 2023; x_wconf 87' lang='lat' dir='ltr'><strong>subsequitur</strong></span> <span class='ocrx_word' id='word_1_91' title='bbox 714 1943 736 2004; x_wconf 83' lang='grc' dir='ltr'><strong><em>ά</em></strong></span> <span class='ocrx_word' id='word_1_92' title='bbox 766 1941 972 2024; x_wconf 86' lang='grc' dir='ltr'><strong><em>βουλόμεθα,</em></strong></span> <span class='ocrx_word' id='word_1_93' title='bbox 1004 1961 1066 2023; x_wconf 94' lang='lat' dir='ltr'><strong>quo</strong></span> <span class='ocrx_word' id='word_1_94' title='bbox 1094 1942 1194 2005; x_wconf 84' lang='lat' dir='ltr'><strong>verbo</strong></span> <span class='ocrx_word' id='word_1_95' title='bbox 1222 1940 1300 2004; x_wconf 89' lang='lat' dir='ltr'><strong>satis</strong></span> 
     </span>
     <span class='ocr_line' id='line_1_14' title="bbox 236 2050 1300 2138; baseline -0.003 -22"><span class='ocrx_word' id='word_1_96' title='bbox 236 2072 374 2136; x_wconf 90' lang='lat' dir='ltr'><strong>persona</strong></span> <span class='ocrx_word' id='word_1_97' title='bbox 401 2052 504 2134; x_wconf 92' lang='lat' dir='ltr'><strong>prima</strong></span> <span class='ocrx_word' id='word_1_98' title='bbox 529 2053 698 2116; x_wconf 87' lang='lat' dir='ltr'><strong>indicatur.</strong></span> <span class='ocrx_word' id='word_1_99' title='bbox 747 2053 792 2114; x_wconf 82' lang='lat' dir='ltr'><strong>At</strong></span> <span class='ocrx_word' id='word_1_100' title='bbox 825 2050 1005 2132; x_wconf 80' lang='lat' dir='ltr'><strong>Classenus,</strong></span> <span class='ocrx_word' id='word_1_101' title='bbox 1039 2060 1075 2116; x_wconf 87' lang='lat' dir='ltr'><strong>ut</strong></span> <span class='ocrx_word' id='word_1_102' title='bbox 1100 2051 1192 2138; x_wconf 79' lang='grc' dir='ltr'><strong><em>ἡμῶν</em></strong></span> <span class='ocrx_word' id='word_1_103' title='bbox 1219 2072 1300 2114; x_wconf 90' lang='lat' dir='ltr'><strong>com-</strong></span> 
     </span>
     <span class='ocr_line' id='line_1_15' title="bbox 237 2162 1300 2246; baseline -0.004 -18"><span class='ocrx_word' id='word_1_104' title='bbox 237 2165 375 2239; x_wconf 88' lang='lat' dir='ltr'><strong>mendet,</strong></span> <span class='ocrx_word' id='word_1_105' title='bbox 396 2165 514 2246; x_wconf 86' lang='lat' dir='ltr'><strong>premit</strong></span> <span class='ocrx_word' id='word_1_106' title='bbox 535 2165 622 2246; x_wconf 89' lang='lat' dir='ltr'><strong>quod</strong></span> <span class='ocrx_word' id='word_1_107' title='bbox 644 2165 810 2246; x_wconf 83' lang='lat' dir='ltr'><strong>Kriigerus</strong></span> <span class='ocrx_word' id='word_1_108' title='bbox 826 2164 858 2226; x_wconf 92' lang='lat' dir='ltr'><strong>in</strong></span> <span class='ocrx_word' id='word_1_109' title='bbox 874 2184 945 2227; x_wconf 91' lang='lat' dir='ltr'><strong>eum</strong></span> <span class='ocrx_word' id='word_1_110' title='bbox 961 2162 1129 2228; x_wconf 63' lang='lat' dir='ltr'><strong>errorem*</strong></span> <span class='ocrx_word' id='word_1_111' title='bbox 1152 2162 1300 2224; x_wconf 86' lang='lat' dir='ltr'><strong>inductus</strong></span> 
     </span>
     <span class='ocr_line' id='line_1_16' title="bbox 238 2255 1299 2359; baseline -0.005 -19"><span class='ocrx_word' id='word_1_112' title='bbox 238 2284 295 2356; x_wconf 89' lang='lat' dir='ltr'><strong>est,</strong></span> <span class='ocrx_word' id='word_1_113' title='bbox 318 2283 354 2339; x_wconf 92' lang='lat' dir='ltr'><strong>ut</strong></span> <span class='ocrx_word' id='word_1_114' title='bbox 375 2275 579 2358; x_wconf 80' lang='lat' dir='ltr'><strong>intellegeret</strong></span> <span class='ocrx_word' id='word_1_115' title='bbox 600 2274 708 2339; x_wconf 82' lang='grc' dir='ltr'><strong><em>αὐτῶν</em></strong></span> <span class='ocrx_word' id='word_1_116' title='bbox 731 2255 931 2357; x_wconf 82' lang='grc' dir='ltr'><strong><em>πραξάντων</em></strong></span> <span class='ocrx_word' id='word_1_117' title='bbox 953 2277 979 2340; x_wconf 89' lang='lat' dir='ltr'><strong>si</strong></span> <span class='ocrx_word' id='word_1_118' title='bbox 996 2276 1042 2338; x_wconf 93' lang='lat' dir='ltr'><strong>illi</strong></span> <span class='ocrx_word' id='word_1_119' title='bbox 1059 2271 1299 2359; x_wconf 86' lang='lat' dir='ltr'><strong>(Athenienses)</strong></span> 
     </span>
     <span class='ocr_line' id='line_1_17' title="bbox 238 2387 1298 2470; baseline -0.002 -19"><span class='ocrx_word' id='word_1_120' title='bbox 238 2389 284 2451; x_wconf 86' lang='lat' dir='ltr'><strong>ita</strong></span> <span class='ocrx_word' id='word_1_121' title='bbox 317 2409 350 2451; x_wconf 90' lang='lat' dir='ltr'><strong>se</strong></span> <span class='ocrx_word' id='word_1_122' title='bbox 383 2388 565 2468; x_wconf 82' lang='lat' dir='ltr'><strong>habuerint,</strong></span> <span class='ocrx_word' id='word_1_123' title='bbox 600 2393 636 2450; x_wconf 92' lang='lat' dir='ltr'><strong>ut</strong></span> <span class='ocrx_word' id='word_1_124' title='bbox 668 2387 822 2450; x_wconf 82' lang='lat' dir='ltr'><strong>volumus.</strong></span> <span class='ocrx_word' id='word_1_125' title='bbox 859 2436 866 2450; x_wconf 90' lang='lat'><strong>.</strong></span> <span class='ocrx_word' id='word_1_126' title='bbox 901 2438 908 2450; x_wconf 91' lang='lat'>.</span> <span class='ocrx_word' id='word_1_127' title='bbox 941 2388 1160 2452; x_wconf 83' lang='lat' dir='ltr'><strong>Concedamus</strong></span> <span class='ocrx_word' id='word_1_128' title='bbox 1195 2387 1298 2470; x_wconf 89' lang='lat' dir='ltr'><strong>primo</strong></span> 
     </span>
    </p>

    <p class='ocr_par' dir='ltr' id='par_1_3' title="bbox 192 2483 1384 3029">
     <span class='ocr_line' id='line_1_18' title="bbox 239 2483 1384 2583; baseline -0.002 -20"><span class='ocrx_word' id='word_1_129' title='bbox 239 2505 371 2583; x_wconf 88' lang='lat' dir='ltr'><strong>aspectu</strong></span> <span class='ocrx_word' id='word_1_130' title='bbox 397 2499 442 2562; x_wconf 92' lang='lat' dir='ltr'><strong>sic</strong></span> <span class='ocrx_word' id='word_1_131' title='bbox 472 2499 651 2582; x_wconf 89' lang='lat' dir='ltr'><strong>quempiam</strong></span> <span class='ocrx_word' id='word_1_132' title='bbox 678 2499 867 2580; x_wconf 84' lang='lat' dir='ltr'><strong>intellegere</strong></span> <span class='ocrx_word' id='word_1_133' title='bbox 890 2520 1000 2582; x_wconf 88' lang='lat' dir='ltr'><strong>posse:</strong></span> <span class='ocrx_word' id='word_1_134' title='bbox 1029 2500 1103 2563; x_wconf 91' lang='lat' dir='ltr'><strong>hinc</strong></span> <span class='ocrx_word' id='word_1_135' title='bbox 1125 2521 1190 2563; x_wconf 92' lang='lat' dir='ltr'><strong>non</strong></span> <span class='ocrx_word' id='word_1_136' title='bbox 1211 2505 1300 2562; x_wconf 89' lang='lat' dir='ltr'><strong>recte</strong></span> <span class='ocrx_word' id='word_1_137' title='bbox 1383 2483 1384 2488; x_wconf 8' lang='grc' dir='ltr'>ἵ</span> 
     </span>
     <span class='ocr_line' id='line_1_19' title="bbox 192 2595 1300 2696; baseline 0 -22"><span class='ocrx_word' id='word_1_138' title='bbox 192 2595 194 2598; x_wconf 39' lang='grc'><strong>’</strong></span> <span class='ocrx_word' id='word_1_139' title='bbox 240 2611 439 2675; x_wconf 87' lang='lat' dir='ltr'><strong>concluditur</strong></span> <span class='ocrx_word' id='word_1_140' title='bbox 459 2611 677 2694; x_wconf 91' lang='lat' dir='ltr'><strong>recipiendum</strong></span> <span class='ocrx_word' id='word_1_141' title='bbox 700 2631 768 2674; x_wconf 87' lang='lat' dir='ltr'><strong>esse</strong></span> <span class='ocrx_word' id='word_1_142' title='bbox 791 2608 892 2696; x_wconf 77' lang='grc' dir='ltr'><strong><em>ἡμῶν,</em></strong></span> <span class='ocrx_word' id='word_1_143' title='bbox 917 2612 1086 2694; x_wconf 81' lang='lat' dir='ltr'><strong>quietalis</strong></span> <span class='ocrx_word' id='word_1_144' title='bbox 1109 2611 1300 2693; x_wconf 84' lang='lat' dir='ltr'><strong>ambiguitas</strong></span> 
     </span>
     <span class='ocr_line' id='line_1_20' title="bbox 239 2721 1301 2807; baseline 0 -22"><span class='ocrx_word' id='word_1_145' title='bbox 239 2721 332 2786; x_wconf 87' lang='lat' dir='ltr'><strong>facile</strong></span> <span class='ocrx_word' id='word_1_146' title='bbox 355 2724 545 2806; x_wconf 80' lang='lat' dir='ltr'><strong>scriptorem</strong></span> <span class='ocrx_word' id='word_1_147' title='bbox 567 2724 670 2807; x_wconf 87' lang='lat' dir='ltr'><strong>ipsum</strong></span> <span class='ocrx_word' id='word_1_148' title='bbox 692 2723 819 2804; x_wconf 87' lang='lat' dir='ltr'><strong>fugerit.</strong></span> <span class='ocrx_word' id='word_1_149' title='bbox 857 2723 890 2785; x_wconf 83' lang='lat' dir='ltr'><strong>Si</strong></span> <span class='ocrx_word' id='word_1_150' title='bbox 913 2731 1018 2804; x_wconf 79' lang='lat' dir='ltr'><strong>antem</strong></span> <span class='ocrx_word' id='word_1_151' title='bbox 1041 2724 1120 2786; x_wconf 92' lang='lat' dir='ltr'><strong>illud</strong></span> <span class='ocrx_word' id='word_1_152' title='bbox 1142 2724 1227 2786; x_wconf 90' lang='lat' dir='ltr'><strong>iuter</strong></span> <span class='ocrx_word' id='word_1_153' title='bbox 1242 2742 1301 2785; x_wconf 89' lang='lat' dir='ltr'><strong>nos</strong></span> 
     </span>
     <span class='ocr_line' id='line_1_21' title="bbox 240 2833 1301 2919; baseline -0.001 -22"><span class='ocrx_word' id='word_1_154' title='bbox 240 2835 402 2914; x_wconf 87' lang='lat' dir='ltr'><strong>convenit,</strong></span> <span class='ocrx_word' id='word_1_155' title='bbox 438 2834 506 2898; x_wconf 91' lang='lat' dir='ltr'><strong>sine</strong></span> <span class='ocrx_word' id='word_1_156' title='bbox 540 2833 631 2917; x_wconf 78' lang='grc' dir='ltr'><strong><em>η’μῶν</em></strong></span> <span class='ocrx_word' id='word_1_157' title='bbox 664 2853 758 2918; x_wconf 89' lang='lat' dir='ltr'><strong>posse</strong></span> <span class='ocrx_word' id='word_1_158' title='bbox 791 2835 987 2918; x_wconf 86' lang='grc' dir='ltr'><strong><em>πραξάντων</em></strong></span> <span class='ocrx_word' id='word_1_159' title='bbox 1018 2836 1058 2898; x_wconf 91' lang='lat' dir='ltr'><strong>ad</strong></span> <span class='ocrx_word' id='word_1_160' title='bbox 1085 2834 1301 2919; x_wconf 78' lang='lat' dir='ltr'><strong>Syracusanos</strong></span> 
     </span>
     <span class='ocr_line' id='line_1_22' title="bbox 238 2945 1005 3029; baseline 0.001 -20"><span class='ocrx_word' id='word_1_161' title='bbox 238 2945 360 3026; x_wconf 86' lang='lat' dir='ltr'><strong>referri,</strong></span> <span class='ocrx_word' id='word_1_162' title='bbox 383 2945 423 3008; x_wconf 92' lang='lat' dir='ltr'><strong>de</strong></span> <span class='ocrx_word' id='word_1_163' title='bbox 445 2946 695 3029; x_wconf 85' lang='lat' dir='ltr'><strong>interpolatione</strong></span> <span class='ocrx_word' id='word_1_164' title='bbox 718 2947 925 3028; x_wconf 88' lang='lat' dir='ltr'><strong>cogitandum</strong></span> <span class='ocrx_word' id='word_1_165' title='bbox 946 2954 1005 3010; x_wconf 89' lang='lat' dir='ltr'><strong>est.</strong></span> 
     </span>
    </p>
   </div>
   <div class='ocr_carea' id='block_1_3' title="bbox 233 3070 1301 3840">
    <p class='ocr_par' dir='ltr' id='par_1_4' title="bbox 233 3070 1301 3840">
     <span class='ocr_line' id='line_1_23' title="bbox 345 3070 1301 3162; baseline -0.001 -25"><span class='ocrx_word' id='word_1_166' title='bbox 345 3075 429 3137; x_wconf 87' lang='lat' dir='ltr'>VIII</span> <span class='ocrx_word' id='word_1_167' title='bbox 453 3075 501 3155; x_wconf 88' lang='lat'><strong>10,</strong></span> <span class='ocrx_word' id='word_1_168' title='bbox 528 3077 543 3137; x_wconf 92' lang='grc'>1</span> <span class='ocrx_word' id='word_1_169' title='bbox 569 3075 605 3138; x_wconf 86' lang='grc' dir='ltr'><strong><em>ἐν</em></strong></span> <span class='ocrx_word' id='word_1_170' title='bbox 628 3075 664 3138; x_wconf 78' lang='lat' dir='ltr'><strong>di</strong></span> <span class='ocrx_word' id='word_1_171' title='bbox 686 3077 787 3162; x_wconf 81' lang='grc' dir='ltr'><strong><em>τούτῳ</em></strong></span> <span class='ocrx_word' id='word_1_172' title='bbox 809 3074 848 3139; x_wconf 81' lang='grc' dir='ltr'><strong>τὰ</strong></span> <span class='ocrx_word' id='word_1_173' title='bbox 869 3075 1003 3158; x_wconf 77' lang='grc' dir='ltr'><strong><em>’Ἰσθμια</em></strong></span> <span class='ocrx_word' id='word_1_174' title='bbox 1026 3075 1169 3156; x_wconf 79' lang='grc' dir='ltr'><strong><em>ἐγίγνετο</em></strong></span> <span class='ocrx_word' id='word_1_175' title='bbox 1192 3079 1246 3137; x_wconf 80' lang='grc' dir='ltr'><strong><em>καὶ</em></strong></span> <span class='ocrx_word' id='word_1_176' title='bbox 1269 3070 1301 3138; x_wconf 83' lang='lat' dir='ltr'><strong>oi</strong></span> 
     </span>
     <span class='ocr_line' id='line_1_24' title="bbox 233 3183 1299 3272; baseline -0.002 -24"><span class='ocrx_word' id='word_1_177' title='bbox 233 3183 411 3271; x_wconf 82' lang='grc' dir='ltr'><strong><em>Ἀθηναῖοι</em></strong></span> <span class='ocrx_word' id='word_1_178' title='bbox 440 3187 707 3272; x_wconf 71' lang='grc' dir='ltr'><strong><em>(ἐπηγγέλθησαν</em></strong></span> <span class='ocrx_word' id='word_1_179' title='bbox 733 3186 810 3270; x_wconf 83' lang='grc' dir='ltr'><strong><em>γὰρ)</em></strong></span> <span class='ocrx_word' id='word_1_180' title='bbox 835 3187 1002 3272; x_wconf 86' lang='grc' dir='ltr'><strong><em>ἐθεώρουν</em></strong></span> <span class='ocrx_word' id='word_1_181' title='bbox 1024 3187 1056 3262; x_wconf 83' lang='grc' dir='ltr'><strong>ἐς</strong></span> <span class='ocrx_word' id='word_1_182' title='bbox 1079 3185 1162 3250; x_wconf 83' lang='grc' dir='ltr'><strong><em>αὐτά</em></strong></span> <span class='ocrx_word' id='word_1_183' title='bbox 1187 3231 1195 3247; x_wconf 90' lang='grc'><strong>.</strong></span> <span class='ocrx_word' id='word_1_184' title='bbox 1221 3231 1228 3248; x_wconf 90' lang='grc'><strong>.</strong></span> <span class='ocrx_word' id='word_1_185' title='bbox 1257 3232 1264 3247; x_wconf 95' lang='grc'><strong>.</strong></span> <span class='ocrx_word' id='word_1_186' title='bbox 1291 3231 1299 3246; x_wconf 92' lang='grc'><strong>.</strong></span> 
     </span>
     <span class='ocr_line' id='line_1_25' title="bbox 239 3295 1301 3384; baseline -0.001 -25"><span class='ocrx_word' id='word_1_187' title='bbox 239 3298 316 3360; x_wconf 90' lang='lat' dir='ltr'><strong>Vat.</strong></span> <span class='ocrx_word' id='word_1_188' title='bbox 342 3298 591 3384; x_wconf 78' lang='grc' dir='ltr'><strong><em>ἐπηγγέλθησαν</em></strong></span> <span class='ocrx_word' id='word_1_189' title='bbox 612 3297 675 3380; x_wconf 85' lang='grc' dir='ltr'><strong>γάρ</strong></span> <span class='ocrx_word' id='word_1_190' title='bbox 698 3295 735 3360; x_wconf 71' lang='grc' dir='ltr'><strong><em>αἱ</em></strong></span> <span class='ocrx_word' id='word_1_191' title='bbox 757 3298 911 3362; x_wconf 77' lang='grc' dir='ltr'><strong><em>σπονδαί.</em></strong></span> <span class='ocrx_word' id='word_1_192' title='bbox 950 3299 1117 3362; x_wconf 88' lang='lat' dir='ltr'><strong>Bekkerus</strong></span> <span class='ocrx_word' id='word_1_193' title='bbox 1133 3299 1301 3362; x_wconf 83' lang='lat' dir='ltr'><strong>Classenus</strong></span> 
     </span>
     <span class='ocr_line' id='line_1_26' title="bbox 239 3409 1300 3493; baseline -0.001 -21"><span class='ocrx_word' id='word_1_194' title='bbox 239 3417 400 3493; x_wconf 89' lang='lat' dir='ltr'><strong>reponunt</strong></span> <span class='ocrx_word' id='word_1_195' title='bbox 437 3409 473 3474; x_wconf 80' lang='lat' dir='ltr'><strong>ai</strong></span> <span class='ocrx_word' id='word_1_196' title='bbox 510 3412 652 3475; x_wconf 80' lang='grc' dir='ltr'><strong><em>σπονδαί</em></strong></span> <span class='ocrx_word' id='word_1_197' title='bbox 686 3411 772 3474; x_wconf 86' lang='lat' dir='ltr'><strong>ducti</strong></span> <span class='ocrx_word' id='word_1_198' title='bbox 802 3411 1008 3474; x_wconf 86' lang='lat' dir='ltr'><strong>similitudine</strong></span> <span class='ocrx_word' id='word_1_199' title='bbox 1042 3411 1106 3475; x_wconf 86' lang='lat' dir='ltr'><strong>loci</strong></span> <span class='ocrx_word' id='word_1_200' title='bbox 1132 3411 1162 3472; x_wconf 89' lang='lat' dir='ltr'>V</span> <span class='ocrx_word' id='word_1_201' title='bbox 1190 3410 1246 3488; x_wconf 81' lang='lat'><strong>49,</strong></span> <span class='ocrx_word' id='word_1_202' title='bbox 1280 3409 1300 3471; x_wconf 78' lang='lat'><strong>2</strong></span> 
     </span>
     <span class='ocr_line' id='line_1_27' title="bbox 241 3519 1299 3608; baseline -0.001 -24"><span class='ocrx_word' id='word_1_203' title='bbox 241 3521 386 3600; x_wconf 84' lang='grc' dir='ltr'><strong><em>λέγοντες</em></strong></span> <span class='ocrx_word' id='word_1_204' title='bbox 407 3519 451 3607; x_wconf 79' lang='grc' dir='ltr'><strong>μὴ</strong></span> <span class='ocrx_word' id='word_1_205' title='bbox 474 3523 677 3608; x_wconf 83' lang='grc' dir='ltr'><strong><em>ἐπηγγέλθαὶ</em></strong></span> <span class='ocrx_word' id='word_1_206' title='bbox 697 3546 750 3585; x_wconf 93' lang='grc' dir='ltr'><strong>πω</strong></span> <span class='ocrx_word' id='word_1_207' title='bbox 768 3521 800 3598; x_wconf 89' lang='grc' dir='ltr'><strong>ἐς</strong></span> <span class='ocrx_word' id='word_1_208' title='bbox 816 3521 1053 3607; x_wconf 78' lang='grc' dir='ltr'><strong><em>Λακεδαίμονα</em></strong></span> <span class='ocrx_word' id='word_1_209' title='bbox 1068 3520 1126 3596; x_wconf 80' lang='grc' dir='ltr'><strong>τὰς</strong></span> <span class='ocrx_word' id='word_1_210' title='bbox 1142 3520 1299 3596; x_wconf 84' lang='grc' dir='ltr'><strong><em>σπονδάς,</em></strong></span> 
     </span>
     <span class='ocr_line' id='line_1_28' title="bbox 241 3633 1301 3718; baseline 0.001 -23"><span class='ocrx_word' id='word_1_211' title='bbox 241 3633 298 3695; x_wconf 87' lang='lat' dir='ltr'><strong>sed</strong></span> <span class='ocrx_word' id='word_1_212' title='bbox 325 3634 504 3696; x_wconf 88' lang='lat' dir='ltr'><strong>concedunt</strong></span> <span class='ocrx_word' id='word_1_213' title='bbox 526 3633 654 3696; x_wconf 86' lang='lat' dir='ltr'><strong>defendi</strong></span> <span class='ocrx_word' id='word_1_214' title='bbox 676 3654 770 3716; x_wconf 89' lang='lat' dir='ltr'><strong>posse</strong></span> <span class='ocrx_word' id='word_1_215' title='bbox 793 3635 982 3718; x_wconf 82' lang='lat' dir='ltr'><strong>scripturam</strong></span> <span class='ocrx_word' id='word_1_216' title='bbox 1004 3633 1174 3717; x_wconf 83' lang='lat' dir='ltr'><strong>vulgatam,</strong></span> <span class='ocrx_word' id='word_1_217' title='bbox 1206 3653 1301 3716; x_wconf 91' lang='lat' dir='ltr'><strong>quom</strong></span> 
     </span>
     <span class='ocr_line' id='line_1_29' title="bbox 240 3744 1301 3840; baseline 0.002 -34"><span class='ocrx_word' id='word_1_218' title='bbox 240 3745 338 3840; x_wconf 90' lang='lat' dir='ltr'><strong>liceat</strong></span> <span class='ocrx_word' id='word_1_219' title='bbox 359 3765 417 3827; x_wconf 90' lang='lat' dir='ltr'><strong>per</strong></span> <span class='ocrx_word' id='word_1_220' title='bbox 433 3744 549 3808; x_wconf 83' lang='lat' dir='ltr'><strong>Graeci</strong></span> <span class='ocrx_word' id='word_1_221' title='bbox 573 3746 727 3808; x_wconf 90' lang='lat' dir='ltr'><strong>sermonis</strong></span> <span class='ocrx_word' id='word_1_222' title='bbox 749 3746 837 3827; x_wconf 87' lang='lat' dir='ltr'><strong>leges</strong></span> <span class='ocrx_word' id='word_1_223' title='bbox 860 3747 901 3809; x_wconf 91' lang='lat' dir='ltr'><strong>ad</strong></span> <span class='ocrx_word' id='word_1_224' title='bbox 925 3746 1176 3832; x_wconf 77' lang='grc' dir='ltr'><strong><em>ἐπηγγέλθησαν</em></strong></span> <span class='ocrx_word' id='word_1_225' title='bbox 1190 3745 1301 3808; x_wconf 89' lang='lat' dir='ltr'><strong>audire</strong></span> 
     </span>
    </p>
   </div>
   <div class='ocr_carea' id='block_1_4' title="bbox 244 4087 1302 4249">
    <p class='ocr_par' dir='ltr' id='par_1_5' title="bbox 244 4087 1302 4249">
     <span class='ocr_line' id='line_1_30' title="bbox 346 4087 1302 4159; baseline 0.005 -20"><span class='ocrx_word' id='word_1_226' title='bbox 346 4087 362 4118; x_wconf 49' lang='grc' dir='ltr'><strong><em>ἐ</em></strong></span> <span class='ocrx_word' id='word_1_227' title='bbox 382 4104 443 4139; x_wconf 88' lang='lat' dir='ltr'><strong>narn</strong></span> <span class='ocrx_word' id='word_1_228' title='bbox 471 4087 565 4139; x_wconf 81' lang='lat' dir='ltr'><strong>falsam</strong></span> <span class='ocrx_word' id='word_1_229' title='bbox 592 4103 652 4139; x_wconf 88' lang='lat' dir='ltr'><strong>esse</strong></span> <span class='ocrx_word' id='word_1_230' title='bbox 679 4087 893 4157; x_wconf 87' lang='lat' dir='ltr'><strong>explicationem</strong></span> <span class='ocrx_word' id='word_1_231' title='bbox 921 4087 1040 4158; x_wconf 82' lang='lat' dir='ltr'><strong>Kriigeri</strong></span> <span class='ocrx_word' id='word_1_232' title='bbox 1066 4092 1181 4159; x_wconf 86' lang='lat' dir='ltr'><strong>apparet</strong></span> <span class='ocrx_word' id='word_1_233' title='bbox 1205 4097 1239 4142; x_wconf 72' lang='lat' dir='ltr'><strong>ex</strong></span> <span class='ocrx_word' id='word_1_234' title='bbox 1257 4089 1302 4144; x_wconf 89' lang='lat' dir='ltr'><strong>VI</strong></span> 
     </span>
     <span class='ocr_line' id='line_1_31' title="bbox 244 4174 665 4249; baseline 0.002 -20"><span class='ocrx_word' id='word_1_235' title='bbox 244 4176 284 4240; x_wconf 79' lang='lat'><strong>79,</strong></span> <span class='ocrx_word' id='word_1_236' title='bbox 303 4177 320 4229; x_wconf 87' lang='lat'><strong>3</strong></span> <span class='ocrx_word' id='word_1_237' title='bbox 337 4178 462 4249; x_wconf 67' lang='grc' dir='ltr'><strong><em>ἔπραξαν,</em></strong></span> <span class='ocrx_word' id='word_1_238' title='bbox 482 4174 499 4228; x_wconf 79' lang='grc' dir='ltr'>ἅ</span> <span class='ocrx_word' id='word_1_239' title='bbox 519 4178 665 4244; x_wconf 75' lang='grc' dir='ltr'><strong><em>ἐβούλοντο.</em></strong></span> 
     </span>
    </p>
   </div>
   <div class='ocr_carea' id='block_1_5' title="bbox 0 0 1531 4760">
    <p class='ocr_par' dir='ltr' id='par_1_6' title="bbox 0 0 1531 4760">
     <span class='ocr_line' id='line_1_32' title="bbox 0 0 1531 4760; baseline 0 0"><span class='ocrx_word' id='word_1_240' title='bbox 0 0 1531 4760; x_wconf 95' lang='lat' dir='ltr'><strong> </strong></span> 
     </span>
    </p>
   </div>
  </div>
 </body>
</html>
