<?xml version="1.0" encoding="UTF-8"?>
<!DOCTYPE html PUBLIC "-//W3C//DTD XHTML 1.0 Transitional//EN"
    "http://www.w3.org/TR/xhtml1/DTD/xhtml1-transitional.dtd">
<html xmlns="http://www.w3.org/1999/xhtml" xml:lang="en" lang="en">
 <head>
  <title>
</title>
<meta http-equiv="Content-Type" content="text/html;charset=utf-8" />
  <meta name='ocr-system' content='tesseract 3.04.00' />
  <meta name='ocr-capabilities' content='ocr_page ocr_carea ocr_par ocr_line ocrx_word'/>
</head>
<body>
  <div class='ocr_page' id='page_1' title='image "./devaticanicodic00eggegoog_0045.png"; bbox 0 0 3038 4760; ppageno 0'>
   <div class='ocr_carea' id='block_1_1' title="bbox 664 553 838 617">
    <p class='ocr_par' dir='ltr' id='par_1_1' title="bbox 664 553 838 617">
     <span class='ocr_line' id='line_1_1' title="bbox 664 553 838 617; baseline -0.006 -18"><span class='ocrx_word' id='word_1_1' title='bbox 664 553 838 617; x_wconf 68' lang='grc'>,38-</span> 
     </span>
    </p>
   </div>
   <div class='ocr_carea' id='block_1_2' title="bbox 210 720 1286 4266">
    <p class='ocr_par' dir='ltr' id='par_1_2' title="bbox 210 720 1283 1157">
     <span class='ocr_line' id='line_1_2' title="bbox 210 720 1283 824; baseline -0.002 -20"><span class='ocrx_word' id='word_1_2' title='bbox 210 720 407 806; x_wconf 45' lang='lat' dir='ltr'><strong>&#39;verisimile&#39;</strong></span> <span class='ocrx_word' id='word_1_3' title='bbox 429 749 478 806; x_wconf 88' lang='lat' dir='ltr'><strong>est</strong></span> <span class='ocrx_word' id='word_1_4' title='bbox 508 740 564 806; x_wconf 79' lang='grc' dir='ltr'><strong>διά</strong></span> <span class='ocrx_word' id='word_1_5' title='bbox 592 742 634 804; x_wconf 92' lang='lat' dir='ltr'><strong>ad</strong></span> <span class='ocrx_word' id='word_1_6' title='bbox 661 740 865 824; x_wconf 70' lang='grc' dir='ltr'><strong><em>λογιζόμενοι</em></strong></span> <span class='ocrx_word' id='word_1_7' title='bbox 896 740 1080 824; x_wconf 79' lang='lat' dir='ltr'><strong>arrepsisse.</strong></span> <span class='ocrx_word' id='word_1_8' title='bbox 1129 737 1283 803; x_wconf 78' lang='lat' dir='ltr'>Similiter</span> 
     </span>
     <span class='ocr_line' id='line_1_3' title="bbox 225 833 1283 934; baseline -0.007 -16"><span class='ocrx_word' id='word_1_9' title='bbox 225 854 407 934; x_wconf 75' lang='lat' dir='ltr'><strong>u114a4</strong></span> <span class='ocrx_word' id='word_1_10' title='bbox 431 851 630 928; x_wconf 69' lang='grc' dir='ltr'><strong><em>Ἐπιπιιιιι,</em></strong></span> <span class='ocrx_word' id='word_1_11' title='bbox 660 852 730 914; x_wconf 86' lang='lat' dir='ltr'><strong>vu·</strong></span> <span class='ocrx_word' id='word_1_12' title='bbox 751 851 799 931; x_wconf 83' lang='grc' dir='ltr'><strong>ιι,</strong></span> <span class='ocrx_word' id='word_1_13' title='bbox 824 853 841 914; x_wconf 82' lang='grc' dir='ltr'><strong><em>ι</em></strong></span> <span class='ocrx_word' id='word_1_14' title='bbox 877 833 1054 933; x_wconf 53' lang='lat' dir='ltr'><strong>atatam</strong></span> <span class='ocrx_word' id='word_1_15' title='bbox 1079 850 1229 912; x_wconf 71' lang='lat' dir='ltr'><strong>videaur</strong></span> <span class='ocrx_word' id='word_1_16' title='bbox 1250 850 1283 912; x_wconf 71' lang='lat' dir='ltr'><strong>in</strong></span> 
     </span>
     <span class='ocr_line' id='line_1_4' title="bbox 225 962 1282 1047; baseline -0.003 -19"><span class='ocrx_word' id='word_1_17' title='bbox 225 985 320 1028; x_wconf 87' lang='lat' dir='ltr'><strong>causa</strong></span> <span class='ocrx_word' id='word_1_18' title='bbox 349 985 418 1028; x_wconf 89' lang='lat' dir='ltr'><strong>esse</strong></span> <span class='ocrx_word' id='word_1_19' title='bbox 448 985 504 1026; x_wconf 90' lang='lat' dir='ltr'><strong>cur</strong></span> <span class='ocrx_word' id='word_1_20' title='bbox 532 964 599 1026; x_wconf 89' lang='lat' dir='ltr'><strong>illic</strong></span> <span class='ocrx_word' id='word_1_21' title='bbox 628 963 864 1047; x_wconf 72' lang='grc' dir='ltr'><strong><em>ἐπικρατῆσαι,</em></strong></span> <span class='ocrx_word' id='word_1_22' title='bbox 900 963 951 1025; x_wconf 79' lang='lat' dir='ltr'><strong>nie</strong></span> <span class='ocrx_word' id='word_1_23' title='bbox 983 962 1197 1047; x_wconf 71' lang='grc' dir='ltr'><strong><em>διασωθιίηιι</em></strong></span> <span class='ocrx_word' id='word_1_24' title='bbox 1223 981 1282 1044; x_wconf 88' lang='lat' dir='ltr'><strong>pro</strong></span> 
     </span>
     <span class='ocr_line' id='line_1_5' title="bbox 224 1075 728 1157; baseline 0 -19"><span class='ocrx_word' id='word_1_25' title='bbox 224 1076 331 1138; x_wconf 84' lang='lat' dir='ltr'><strong>verbis</strong></span> <span class='ocrx_word' id='word_1_26' title='bbox 352 1075 548 1157; x_wconf 83' lang='lat' dir='ltr'><strong>simplicibus</strong></span> <span class='ocrx_word' id='word_1_27' title='bbox 570 1075 728 1157; x_wconf 84' lang='lat' dir='ltr'><strong>legantur.</strong></span> 
     </span>
    </p>

    <p class='ocr_par' dir='ltr' id='par_1_3' title="bbox 328 1181 1283 1270">
     <span class='ocr_line' id='line_1_6' title="bbox 328 1181 1283 1270; baseline 0 -23"><span class='ocrx_word' id='word_1_28' title='bbox 328 1185 413 1248; x_wconf 90' lang='lat' dir='ltr'>VIII</span> <span class='ocrx_word' id='word_1_29' title='bbox 436 1187 464 1267; x_wconf 81' lang='lat'><strong>8,</strong></span> <span class='ocrx_word' id='word_1_30' title='bbox 487 1187 507 1250; x_wconf 89' lang='lat'><strong>3</strong></span> <span class='ocrx_word' id='word_1_31' title='bbox 532 1235 731 1250; x_wconf 88' lang='grc'><strong>.......</strong></span> <span class='ocrx_word' id='word_1_32' title='bbox 761 1185 853 1260; x_wconf 84' lang='grc' dir='ltr'><em>ὅπως</em></span> <span class='ocrx_word' id='word_1_33' title='bbox 879 1183 922 1268; x_wconf 80' lang='grc' dir='ltr'><strong>μὴ</strong></span> <span class='ocrx_word' id='word_1_34' title='bbox 946 1183 978 1248; x_wconf 77' lang='grc' dir='ltr'><strong>οἱ</strong></span> <span class='ocrx_word' id='word_1_35' title='bbox 1000 1184 1177 1270; x_wconf 72' lang='grc' dir='ltr'><strong>Ἀθηναῖοι</strong></span> <span class='ocrx_word' id='word_1_36' title='bbox 1200 1181 1283 1264; x_wconf 83' lang='grc' dir='ltr'><strong><em>πρὸς</em></strong></span> 
     </span>
    </p>

    <p class='ocr_par' dir='ltr' id='par_1_4' title="bbox 215 1293 1285 2802">
     <span class='ocr_line' id='line_1_7' title="bbox 225 1293 1283 1380; baseline -0.004 -19"><span class='ocrx_word' id='word_1_37' title='bbox 225 1295 281 1372; x_wconf 80' lang='grc' dir='ltr'><strong>τὰς</strong></span> <span class='ocrx_word' id='word_1_38' title='bbox 304 1295 404 1380; x_wconf 69' lang='grc' dir='ltr'><strong><em>α’(ρορ</em></strong></span> <span class='ocrx_word' id='word_1_39' title='bbox 426 1301 579 1379; x_wconf 72' lang='grc' dir='ltr'><strong><em>μωμὲιιας</em></strong></span> <span class='ocrx_word' id='word_1_40' title='bbox 592 1293 650 1362; x_wconf 80' lang='grc' dir='ltr'><strong>τὸν</strong></span> <span class='ocrx_word' id='word_1_41' title='bbox 665 1299 746 1362; x_wconf 79' lang='grc' dir='ltr'>νοῦν</span> <span class='ocrx_word' id='word_1_42' title='bbox 760 1295 887 1379; x_wconf 77' lang='grc' dir='ltr'><strong><em>μᾶλλον</em></strong></span> <span class='ocrx_word' id='word_1_43' title='bbox 902 1295 1028 1376; x_wconf 79' lang='grc' dir='ltr'><strong><em>ἔχωσιν,</em></strong></span> <span class='ocrx_word' id='word_1_44' title='bbox 1045 1295 1064 1380; x_wconf 75' lang='grc' dir='ltr'><em>ἢ</em></span> <span class='ocrx_word' id='word_1_45' title='bbox 1079 1293 1136 1370; x_wconf 76' lang='grc' dir='ltr'><strong>τὰς</strong></span> <span class='ocrx_word' id='word_1_46' title='bbox 1151 1295 1283 1378; x_wconf 78' lang='grc' dir='ltr'><strong><em>ὕστερον</em></strong></span> 
     </span>
     <span class='ocr_line' id='line_1_8' title="bbox 225 1405 1284 1492; baseline -0.004 -20"><span class='ocrx_word' id='word_1_47' title='bbox 225 1408 475 1492; x_wconf 70' lang='grc' dir='ltr'><strong><em>διαφερομένας.</em></strong></span> <span class='ocrx_word' id='word_1_48' title='bbox 501 1455 508 1468; x_wconf 93' lang='grc'><strong>.</strong></span> <span class='ocrx_word' id='word_1_49' title='bbox 534 1455 540 1468; x_wconf 93' lang='grc'>.</span> <span class='ocrx_word' id='word_1_50' title='bbox 565 1455 571 1469; x_wconf 92' lang='grc'><strong>.</strong></span> <span class='ocrx_word' id='word_1_51' title='bbox 596 1407 664 1471; x_wconf 83' lang='lat' dir='ltr'><strong>Vat</strong></span> <span class='ocrx_word' id='word_1_52' title='bbox 691 1408 996 1491; x_wconf 77' lang='grc' dir='ltr'><strong><em>ἓπιδιαφιρομένας.</em></strong></span> <span class='ocrx_word' id='word_1_53' title='bbox 1043 1405 1108 1470; x_wconf 86' lang='lat' dir='ltr'><strong>Sed</strong></span> <span class='ocrx_word' id='word_1_54' title='bbox 1135 1407 1284 1490; x_wconf 83' lang='lat' dir='ltr'><strong>suspicio·</strong></span> 
     </span>
     <span class='ocr_line' id='line_1_9' title="bbox 223 1517 1284 1602; baseline -0.004 -19"><span class='ocrx_word' id='word_1_55' title='bbox 223 1541 296 1583; x_wconf 89' lang='lat' dir='ltr'><strong>nem</strong></span> <span class='ocrx_word' id='word_1_56' title='bbox 319 1525 427 1582; x_wconf 88' lang='lat' dir='ltr'><strong>movet</strong></span> <span class='ocrx_word' id='word_1_57' title='bbox 450 1519 653 1598; x_wconf 88' lang='lat' dir='ltr'><strong>abundantia,</strong></span> <span class='ocrx_word' id='word_1_58' title='bbox 674 1539 736 1600; x_wconf 87' lang='lat' dir='ltr'><strong>qua</strong></span> <span class='ocrx_word' id='word_1_59' title='bbox 752 1517 884 1598; x_wconf 80' lang='grc' dir='ltr'><strong><em>ὕστερον</em></strong></span> <span class='ocrx_word' id='word_1_60' title='bbox 898 1539 968 1580; x_wconf 90' lang='lat' dir='ltr'><strong>eum</strong></span> <span class='ocrx_word' id='word_1_61' title='bbox 985 1517 1284 1602; x_wconf 78' lang='grc' dir='ltr'><strong><em>ἐπιδιαφερομένας</em></strong></span> 
     </span>
     <span class='ocr_line' id='line_1_10' title="bbox 225 1623 1282 1716; baseline -0.007 -20"><span class='ocrx_word' id='word_1_62' title='bbox 225 1631 404 1716; x_wconf 80' lang='lat' dir='ltr'><strong>copulatur,</strong></span> <span class='ocrx_word' id='word_1_63' title='bbox 439 1623 534 1710; x_wconf 86' lang='lat' dir='ltr'><strong>quom</strong></span> <span class='ocrx_word' id='word_1_64' title='bbox 562 1629 728 1711; x_wconf 81' lang='lat' dir='ltr'><strong>probabile</strong></span> <span class='ocrx_word' id='word_1_65' title='bbox 754 1629 804 1708; x_wconf 86' lang='lat' dir='ltr'><strong>sit,</strong></span> <span class='ocrx_word' id='word_1_66' title='bbox 834 1631 1073 1712; x_wconf 81' lang='lat' dir='ltr'><strong>grammaticum</strong></span> <span class='ocrx_word' id='word_1_67' title='bbox 1107 1649 1176 1692; x_wconf 91' lang='lat' dir='ltr'><strong>earn</strong></span> <span class='ocrx_word' id='word_1_68' title='bbox 1209 1629 1282 1708; x_wconf 78' lang='lat' dir='ltr'><strong>rim,</strong></span> 
     </span>
     <span class='ocr_line' id='line_1_11' title="bbox 224 1740 1282 1826; baseline -0.005 -21"><span class='ocrx_word' id='word_1_69' title='bbox 224 1764 305 1826; x_wconf 90' lang='lat' dir='ltr'><strong>quae</strong></span> <span class='ocrx_word' id='word_1_70' title='bbox 340 1742 371 1804; x_wconf 93' lang='lat' dir='ltr'><strong>in</strong></span> <span class='ocrx_word' id='word_1_71' title='bbox 404 1741 557 1804; x_wconf 82' lang='lat' dir='ltr'><strong>adverbio</strong></span> <span class='ocrx_word' id='word_1_72' title='bbox 585 1740 717 1823; x_wconf 80' lang='grc' dir='ltr'><strong><em>ὕστερον</em></strong></span> <span class='ocrx_word' id='word_1_73' title='bbox 746 1741 842 1818; x_wconf 86' lang='lat' dir='ltr'><strong>inest,</strong></span> <span class='ocrx_word' id='word_1_74' title='bbox 876 1742 977 1822; x_wconf 76' lang='lat' dir='ltr'><strong>inagis</strong></span> <span class='ocrx_word' id='word_1_75' title='bbox 999 1740 1136 1804; x_wconf 84' lang='lat' dir='ltr'><strong>voluisse</strong></span> <span class='ocrx_word' id='word_1_76' title='bbox 1160 1740 1282 1804; x_wconf 90' lang='lat' dir='ltr'><strong>efferre.</strong></span> 
     </span>
     <span class='ocr_line' id='line_1_12' title="bbox 224 1849 1284 1937; baseline -0.002 -20"><span class='ocrx_word' id='word_1_77' title='bbox 224 1855 275 1917; x_wconf 83' lang='lat' dir='ltr'><strong>Ab</strong></span> <span class='ocrx_word' id='word_1_78' title='bbox 303 1853 414 1916; x_wconf 92' lang='lat' dir='ltr'><strong>eadem</strong></span> <span class='ocrx_word' id='word_1_79' title='bbox 442 1873 536 1914; x_wconf 89' lang='lat' dir='ltr'><strong>mauu</strong></span> <span class='ocrx_word' id='word_1_80' title='bbox 563 1855 620 1914; x_wconf 90' lang='lat' dir='ltr'><strong>VII</strong></span> <span class='ocrx_word' id='word_1_81' title='bbox 644 1851 692 1931; x_wconf 85' lang='lat'><strong>16,</strong></span> <span class='ocrx_word' id='word_1_82' title='bbox 717 1852 732 1914; x_wconf 91' lang='lat'>1</span> <span class='ocrx_word' id='word_1_83' title='bbox 757 1851 954 1934; x_wconf 79' lang='lat' dir='ltr'><strong>praepositio</strong></span> <span class='ocrx_word' id='word_1_84' title='bbox 980 1849 1037 1912; x_wconf 79' lang='grc' dir='ltr'><strong>ἐπί</strong></span> <span class='ocrx_word' id='word_1_85' title='bbox 1059 1853 1158 1915; x_wconf 90' lang='lat' dir='ltr'><strong>verbo</strong></span> <span class='ocrx_word' id='word_1_86' title='bbox 1185 1855 1284 1937; x_wconf 68' lang='grc' dir='ltr'><strong><em>ψηιιί-</em></strong></span> 
     </span>
     <span class='ocr_line' id='line_1_13' title="bbox 225 1939 1285 2046; baseline -0.005 -17"><span class='ocrx_word' id='word_1_87' title='bbox 225 1967 339 2042; x_wconf 74' lang='grc' dir='ltr'><strong><em>ζεσθαι</em></strong></span> <span class='ocrx_word' id='word_1_88' title='bbox 367 1961 518 2046; x_wconf 78' lang='lat' dir='ltr'><strong>adjectivi</strong></span> <span class='ocrx_word' id='word_1_89' title='bbox 545 1959 648 2046; x_wconf 74' lang='grc' dir='ltr'><strong><em>ἄλλην</em></strong></span> <span class='ocrx_word' id='word_1_90' title='bbox 678 1939 830 2025; x_wconf 84' lang='lat' dir='ltr'><strong>efferendi</strong></span> <span class='ocrx_word' id='word_1_91' title='bbox 858 1981 953 2024; x_wconf 85' lang='lat' dir='ltr'><strong>causa</strong></span> <span class='ocrx_word' id='word_1_92' title='bbox 986 1962 1113 2025; x_wconf 80' lang='lat' dir='ltr'><strong>ridetur</strong></span> <span class='ocrx_word' id='word_1_93' title='bbox 1142 1963 1285 2046; x_wconf 86' lang='lat' dir='ltr'><strong>praefixa</strong></span> 
     </span>
     <span class='ocr_line' id='line_1_14' title="bbox 225 2072 1284 2159; baseline -0.004 -19"><span class='ocrx_word' id='word_1_94' title='bbox 225 2098 294 2140; x_wconf 82' lang='lat' dir='ltr'><strong>esse</strong></span> <span class='ocrx_word' id='word_1_95' title='bbox 317 2076 412 2158; x_wconf 90' lang='lat' dir='ltr'><strong>idque</strong></span> <span class='ocrx_word' id='word_1_96' title='bbox 442 2072 568 2155; x_wconf 88' lang='lat' dir='ltr'><strong>quidem</strong></span> <span class='ocrx_word' id='word_1_97' title='bbox 590 2073 794 2156; x_wconf 88' lang='lat' dir='ltr'><strong>ineptissime,</strong></span> <span class='ocrx_word' id='word_1_98' title='bbox 829 2074 903 2154; x_wconf 87' lang='lat' dir='ltr'><strong>quia</strong></span> <span class='ocrx_word' id='word_1_99' title='bbox 935 2073 967 2136; x_wconf 91' lang='lat' dir='ltr'><strong>in</strong></span> <span class='ocrx_word' id='word_1_100' title='bbox 1001 2075 1099 2138; x_wconf 90' lang='lat' dir='ltr'><strong>verbo</strong></span> <span class='ocrx_word' id='word_1_101' title='bbox 1124 2074 1284 2159; x_wconf 74' lang='grc' dir='ltr'><strong><em>ἐπιψηφί-</em></strong></span> 
     </span>
     <span class='ocr_line' id='line_1_15' title="bbox 226 2182 1035 2268; baseline -0.005 -19"><span class='ocrx_word' id='word_1_102' title='bbox 226 2187 339 2262; x_wconf 71' lang='grc' dir='ltr'><strong><em>ζεσθαι</em></strong></span> <span class='ocrx_word' id='word_1_103' title='bbox 362 2183 558 2268; x_wconf 71' lang='lat' dir='ltr'><strong>praepositio</strong></span> <span class='ocrx_word' id='word_1_104' title='bbox 584 2182 638 2247; x_wconf 69' lang='lat' dir='ltr'><strong>ent</strong></span> <span class='ocrx_word' id='word_1_105' title='bbox 661 2185 755 2246; x_wconf 89' lang='lat' dir='ltr'><strong>aliam</strong></span> <span class='ocrx_word' id='word_1_106' title='bbox 777 2185 874 2246; x_wconf 88' lang='lat' dir='ltr'><strong>habet</strong></span> <span class='ocrx_word' id='word_1_107' title='bbox 896 2185 969 2246; x_wconf 80' lang='lat' dir='ltr'><strong>uim.</strong></span> <span class='ocrx_word' id='word_1_108' title='bbox 992 2221 1035 2230; x_wconf 84' lang='lat'>—</span> 
     </span>
     <span class='ocr_line' id='line_1_16' title="bbox 215 2271 1285 2381; baseline -0.001 -21"><span class='ocrx_word' id='word_1_109' title='bbox 215 2326 217 2332; x_wconf 95' lang='lat'>·</span> <span class='ocrx_word' id='word_1_110' title='bbox 312 2296 388 2368; x_wconf 17' lang='lat' dir='ltr'><strong>&#39;Oui</strong></span> <span class='ocrx_word' id='word_1_111' title='bbox 411 2303 517 2358; x_wconf 87' lang='lat' dir='ltr'><strong>autem</strong></span> <span class='ocrx_word' id='word_1_112' title='bbox 539 2315 661 2358; x_wconf 84' lang='lat' dir='ltr'><strong>mecum</strong></span> <span class='ocrx_word' id='word_1_113' title='bbox 683 2294 870 2356; x_wconf 80' lang='lat' dir='ltr'><strong>convenerit</strong></span> <span class='ocrx_word' id='word_1_114' title='bbox 892 2302 925 2356; x_wconf 92' lang='lat' dir='ltr'><strong>et</strong></span> <span class='ocrx_word' id='word_1_115' title='bbox 954 2295 986 2356; x_wconf 88' lang='lat' dir='ltr'><strong>in</strong></span> <span class='ocrx_word' id='word_1_116' title='bbox 1017 2271 1285 2381; x_wconf 65' lang='grc' dir='ltr'><strong><em>ἐπιψηφίζεσθαι</em></strong></span> 
     </span>
     <span class='ocr_line' id='line_1_17' title="bbox 224 2405 1285 2492; baseline 0.001 -23"><span class='ocrx_word' id='word_1_117' title='bbox 224 2414 257 2469; x_wconf 90' lang='lat' dir='ltr'><strong>et</strong></span> <span class='ocrx_word' id='word_1_118' title='bbox 285 2407 317 2469; x_wconf 90' lang='lat' dir='ltr'><strong>iu</strong></span> <span class='ocrx_word' id='word_1_119' title='bbox 346 2405 625 2489; x_wconf 72' lang='grc' dir='ltr'><strong><em>ἐπιδιαφέρισθαι</em></strong></span> <span class='ocrx_word' id='word_1_120' title='bbox 656 2405 927 2488; x_wconf 87' lang='lat' dir='ltr'><strong>praepositionem</strong></span> <span class='ocrx_word' id='word_1_121' title='bbox 958 2405 1013 2468; x_wconf 76' lang='grc' dir='ltr'><strong>ἐπί</strong></span> <span class='ocrx_word' id='word_1_122' title='bbox 1036 2426 1075 2468; x_wconf 84' lang='lat' dir='ltr'><strong>ex</strong></span> <span class='ocrx_word' id='word_1_123' title='bbox 1100 2408 1285 2492; x_wconf 90' lang='lat' dir='ltr'><strong>interpreta-</strong></span> 
     </span>
     <span class='ocr_line' id='line_1_18' title="bbox 225 2515 1283 2603; baseline 0.004 -24"><span class='ocrx_word' id='word_1_124' title='bbox 225 2518 312 2580; x_wconf 91' lang='lat' dir='ltr'><strong>tione</strong></span> <span class='ocrx_word' id='word_1_125' title='bbox 352 2524 453 2580; x_wconf 88' lang='lat' dir='ltr'><strong>ortam</strong></span> <span class='ocrx_word' id='word_1_126' title='bbox 483 2536 565 2596; x_wconf 84' lang='lat' dir='ltr'><strong>esse,</strong></span> <span class='ocrx_word' id='word_1_127' title='bbox 596 2516 623 2578; x_wconf 87' lang='lat' dir='ltr'><strong>is</strong></span> <span class='ocrx_word' id='word_1_128' title='bbox 649 2536 689 2578; x_wconf 90' lang='lat' dir='ltr'><strong>ne</strong></span> <span class='ocrx_word' id='word_1_129' title='bbox 712 2515 778 2578; x_wconf 87' lang='lat' dir='ltr'><strong>VII</strong></span> <span class='ocrx_word' id='word_1_130' title='bbox 803 2517 857 2603; x_wconf 27' lang='lat'><strong>10,</strong></span> <span class='ocrx_word' id='word_1_131' title='bbox 876 2517 1004 2598; x_wconf 87' lang='lat' dir='ltr'><strong>quidem</strong></span> <span class='ocrx_word' id='word_1_132' title='bbox 1039 2517 1187 2603; x_wconf 80' lang='grc' dir='ltr'><strong><em>ἐπηρώια</em></strong></span> <span class='ocrx_word' id='word_1_133' title='bbox 1220 2541 1283 2582; x_wconf 90' lang='lat' dir='ltr'><strong>uuo</strong></span> 
     </span>
     <span class='ocr_line' id='line_1_19' title="bbox 225 2627 1285 2711; baseline 0.003 -21"><span class='ocrx_word' id='word_1_134' title='bbox 225 2627 385 2691; x_wconf 85' lang='lat' dir='ltr'><strong>Vaticano</strong></span> <span class='ocrx_word' id='word_1_135' title='bbox 415 2628 489 2690; x_wconf 87' lang='lat' dir='ltr'><strong>fisus</strong></span> <span class='ocrx_word' id='word_1_136' title='bbox 516 2634 655 2711; x_wconf 89' lang='lat' dir='ltr'><strong>promat,</strong></span> <span class='ocrx_word' id='word_1_137' title='bbox 684 2648 873 2709; x_wconf 87' lang='lat' dir='ltr'><strong>quamquam</strong></span> <span class='ocrx_word' id='word_1_138' title='bbox 900 2629 986 2691; x_wconf 91' lang='lat' dir='ltr'><strong>nulla</strong></span> <span class='ocrx_word' id='word_1_139' title='bbox 1015 2630 1211 2693; x_wconf 88' lang='lat' dir='ltr'><strong>abundantia</strong></span> <span class='ocrx_word' id='word_1_140' title='bbox 1240 2631 1285 2693; x_wconf 89' lang='lat' dir='ltr'><strong>ibi</strong></span> 
     </span>
     <span class='ocr_line' id='line_1_20' title="bbox 226 2739 371 2802; baseline 0 0"><span class='ocrx_word' id='word_1_141' title='bbox 226 2739 371 2802; x_wconf 77' lang='lat' dir='ltr'><strong>sentitur.</strong></span> 
     </span>
    </p>

    <p class='ocr_par' dir='ltr' id='par_1_5' title="bbox 227 2848 1285 3377">
     <span class='ocr_line' id='line_1_21' title="bbox 333 2848 1285 2934; baseline 0.002 -22"><span class='ocrx_word' id='word_1_142' title='bbox 333 2850 399 2913; x_wconf 88' lang='lat' dir='ltr'><strong>VII</strong></span> <span class='ocrx_word' id='word_1_143' title='bbox 423 2849 472 2931; x_wconf 79' lang='lat'><strong>34,</strong></span> <span class='ocrx_word' id='word_1_144' title='bbox 496 2851 516 2913; x_wconf 72' lang='lat'><em>2</em></span> <span class='ocrx_word' id='word_1_145' title='bbox 544 2849 561 2916; x_wconf 88' lang='grc' dir='ltr'>ὁ</span> <span class='ocrx_word' id='word_1_146' title='bbox 585 2855 646 2934; x_wconf 74' lang='grc' dir='ltr'><strong>μὲν</strong></span> <span class='ocrx_word' id='word_1_147' title='bbox 668 2848 764 2924; x_wconf 79' lang='grc' dir='ltr'><strong><em>πεζὸς</em></strong></span> <span class='ocrx_word' id='word_1_148' title='bbox 787 2897 795 2912; x_wconf 91' lang='grc'><strong>.</strong></span> <span class='ocrx_word' id='word_1_149' title='bbox 821 2897 829 2912; x_wconf 90' lang='grc'><strong>.</strong></span> <span class='ocrx_word' id='word_1_150' title='bbox 855 2897 862 2911; x_wconf 88' lang='grc'><strong>.</strong></span> <span class='ocrx_word' id='word_1_151' title='bbox 890 2897 897 2912; x_wconf 92' lang='grc'><strong>.</strong></span> <span class='ocrx_word' id='word_1_152' title='bbox 922 2851 977 2913; x_wconf 78' lang='grc' dir='ltr'><strong>ἐπὶ</strong></span> <span class='ocrx_word' id='word_1_153' title='bbox 999 2861 1068 2924; x_wconf 85' lang='grc' dir='ltr'><strong><em>ταῖς</em></strong></span> <span class='ocrx_word' id='word_1_154' title='bbox 1091 2848 1285 2933; x_wconf 78' lang='grc' dir='ltr'><strong><em>ἇνεχρύσαις</em></strong></span> 
     </span>
     <span class='ocr_line' id='line_1_22' title="bbox 227 2945 1285 3044; baseline 0.003 -21"><span class='ocrx_word' id='word_1_155' title='bbox 227 2960 342 3043; x_wconf 83' lang='grc' dir='ltr'><strong><em>ἄκραις</em></strong></span> <span class='ocrx_word' id='word_1_156' title='bbox 359 2967 584 3043; x_wconf 79' lang='grc' dir='ltr'><strong><em>παρετέτακτο,</em></strong></span> <span class='ocrx_word' id='word_1_157' title='bbox 601 2963 677 3024; x_wconf 74' lang='lat' dir='ltr'><strong>Vae.</strong></span> <span class='ocrx_word' id='word_1_158' title='bbox 695 2963 970 3044; x_wconf 75' lang='grc' dir='ltr'><strong><em>πραανεχοιίσαις.</em></strong></span> <span class='ocrx_word' id='word_1_159' title='bbox 1004 2960 1068 3024; x_wconf 81' lang='lat' dir='ltr'><strong>Sed</strong></span> <span class='ocrx_word' id='word_1_160' title='bbox 1084 2945 1285 3043; x_wconf 72' lang='grc' dir='ltr'><strong><em>πραανέχεια</em></strong></span> 
     </span>
     <span class='ocr_line' id='line_1_23' title="bbox 228 3073 1283 3156; baseline 0.004 -22"><span class='ocrx_word' id='word_1_161' title='bbox 228 3080 301 3136; x_wconf 88' lang='lat' dir='ltr'><strong>ante</strong></span> <span class='ocrx_word' id='word_1_162' title='bbox 325 3073 500 3156; x_wconf 86' lang='lat' dir='ltr'><strong>Josephum</strong></span> <span class='ocrx_word' id='word_1_163' title='bbox 525 3095 588 3136; x_wconf 89' lang='lat' dir='ltr'><strong>nou</strong></span> <span class='ocrx_word' id='word_1_164' title='bbox 610 3073 736 3154; x_wconf 85' lang='lat' dir='ltr'><strong>legitur,</strong></span> <span class='ocrx_word' id='word_1_165' title='bbox 765 3093 862 3154; x_wconf 90' lang='lat' dir='ltr'><strong>qnare</strong></span> <span class='ocrx_word' id='word_1_166' title='bbox 885 3073 1060 3155; x_wconf 86' lang='lat' dir='ltr'><strong>periculum</strong></span> <span class='ocrx_word' id='word_1_167' title='bbox 1084 3080 1194 3137; x_wconf 90' lang='lat' dir='ltr'><strong>estne</strong></span> <span class='ocrx_word' id='word_1_168' title='bbox 1218 3077 1283 3156; x_wconf 83' lang='grc' dir='ltr'><strong>πρό</strong></span> 
     </span>
     <span class='ocr_line' id='line_1_24' title="bbox 228 3183 1285 3268; baseline 0.003 -23"><span class='ocrx_word' id='word_1_169' title='bbox 228 3184 506 3264; x_wconf 81' lang='lat' dir='ltr'><strong>grammaticorum</strong></span> <span class='ocrx_word' id='word_1_170' title='bbox 528 3203 622 3246; x_wconf 88' lang='lat' dir='ltr'><strong>manu</strong></span> <span class='ocrx_word' id='word_1_171' title='bbox 645 3184 823 3262; x_wconf 89' lang='lat' dir='ltr'><strong>accesserit,</strong></span> <span class='ocrx_word' id='word_1_172' title='bbox 852 3185 905 3267; x_wconf 93' lang='lat' dir='ltr'><strong>qui</strong></span> <span class='ocrx_word' id='word_1_173' title='bbox 929 3184 1034 3246; x_wconf 89' lang='lat' dir='ltr'><strong>solent</strong></span> <span class='ocrx_word' id='word_1_174' title='bbox 1057 3183 1174 3247; x_wconf 88' lang='lat' dir='ltr'><strong>similes</strong></span> <span class='ocrx_word' id='word_1_175' title='bbox 1197 3206 1285 3268; x_wconf 89' lang='lat' dir='ltr'><strong>prae·</strong></span> 
     </span>
     <span class='ocr_line' id='line_1_25' title="bbox 227 3293 661 3377; baseline 0.005 -21"><span class='ocrx_word' id='word_1_176' title='bbox 227 3293 403 3377; x_wconf 86' lang='lat' dir='ltr'><strong>positiones</strong></span> <span class='ocrx_word' id='word_1_177' title='bbox 426 3293 471 3355; x_wconf 89' lang='lat' dir='ltr'><strong>sic</strong></span> <span class='ocrx_word' id='word_1_178' title='bbox 493 3293 661 3358; x_wconf 88' lang='lat' dir='ltr'><strong>cumulare.</strong></span> 
     </span>
    </p>

    <p class='ocr_par' dir='ltr' id='par_1_6' title="bbox 227 3403 1286 4266">
     <span class='ocr_line' id='line_1_26' title="bbox 334 3403 1284 3490; baseline 0 -22"><span class='ocrx_word' id='word_1_179' title='bbox 334 3403 446 3486; x_wconf 87' lang='lat' dir='ltr'><strong>Neque</strong></span> <span class='ocrx_word' id='word_1_180' title='bbox 469 3425 546 3467; x_wconf 76' lang='lat' dir='ltr'><strong>uero</strong></span> <span class='ocrx_word' id='word_1_181' title='bbox 569 3405 726 3488; x_wconf 78' lang='lat' dir='ltr'><strong>recipiunt</strong></span> <span class='ocrx_word' id='word_1_182' title='bbox 748 3404 986 3485; x_wconf 82' lang='lat' dir='ltr'><strong>g1·annnaticurn</strong></span> <span class='ocrx_word' id='word_1_183' title='bbox 1011 3426 1049 3467; x_wconf 87' lang='lat' dir='ltr'><strong>ca</strong></span> <span class='ocrx_word' id='word_1_184' title='bbox 1064 3407 1284 3490; x_wconf 88' lang='lat' dir='ltr'><strong>bicomposita‚</strong></span> 
     </span>
     <span class='ocr_line' id='line_1_27' title="bbox 227 3515 1286 3600; baseline 0.001 -22"><span class='ocrx_word' id='word_1_185' title='bbox 227 3517 260 3578; x_wconf 89' lang='lat' dir='ltr'><strong>in</strong></span> <span class='ocrx_word' id='word_1_186' title='bbox 296 3517 410 3598; x_wconf 89' lang='lat' dir='ltr'><strong>quibus</strong></span> <span class='ocrx_word' id='word_1_187' title='bbox 444 3515 607 3598; x_wconf 90' lang='lat' dir='ltr'><strong>quaeritur</strong></span> <span class='ocrx_word' id='word_1_188' title='bbox 649 3516 688 3578; x_wconf 94' lang='lat' dir='ltr'><strong>de</strong></span> <span class='ocrx_word' id='word_1_189' title='bbox 727 3515 880 3577; x_wconf 89' lang='lat' dir='ltr'><strong>interiore</strong></span> <span class='ocrx_word' id='word_1_190' title='bbox 921 3517 1159 3600; x_wconf 87' lang='lat' dir='ltr'><strong>praepositione</strong></span> <span class='ocrx_word' id='word_1_191' title='bbox 1192 3537 1286 3599; x_wconf 85' lang='lat' dir='ltr'><strong>quarn</strong></span> 
     </span>
     <span class='ocr_line' id='line_1_28' title="bbox 228 3626 1285 3708; baseline 0.002 -19"><span class='ocrx_word' id='word_1_192' title='bbox 228 3627 430 3691; x_wconf 81' lang='lat' dir='ltr'><strong>verisimilius</strong></span> <span class='ocrx_word' id='word_1_193' title='bbox 459 3634 508 3690; x_wconf 92' lang='lat' dir='ltr'><strong>est</strong></span> <span class='ocrx_word' id='word_1_194' title='bbox 533 3627 658 3689; x_wconf 91' lang='lat' dir='ltr'><strong>librarii</strong></span> <span class='ocrx_word' id='word_1_195' title='bbox 685 3626 889 3708; x_wconf 83' lang='lat' dir='ltr'><strong>neglegentia</strong></span> <span class='ocrx_word' id='word_1_196' title='bbox 917 3627 950 3689; x_wconf 94' lang='lat' dir='ltr'><strong>in</strong></span> <span class='ocrx_word' id='word_1_197' title='bbox 979 3629 1093 3692; x_wconf 89' lang='lat' dir='ltr'><strong>ceteris</strong></span> <span class='ocrx_word' id='word_1_198' title='bbox 1124 3627 1285 3692; x_wconf 80' lang='lat' dir='ltr'><strong>codicibus</strong></span> 
     </span>
     <span class='ocr_line' id='line_1_29' title="bbox 229 3736 1285 3822; baseline -0.001 -21"><span class='ocrx_word' id='word_1_199' title='bbox 229 3740 442 3818; x_wconf 87' lang='lat' dir='ltr'><strong>intercidisse,</strong></span> <span class='ocrx_word' id='word_1_200' title='bbox 473 3739 519 3800; x_wconf 89' lang='lat' dir='ltr'><strong>ita</strong></span> <span class='ocrx_word' id='word_1_201' title='bbox 548 3736 676 3819; x_wconf 89' lang='lat' dir='ltr'><strong>quidem</strong></span> <span class='ocrx_word' id='word_1_202' title='bbox 705 3747 741 3800; x_wconf 90' lang='lat' dir='ltr'><strong>ut</strong></span> <span class='ocrx_word' id='word_1_203' title='bbox 764 3737 847 3801; x_wconf 89' lang='lat' dir='ltr'><strong>oculi</strong></span> <span class='ocrx_word' id='word_1_204' title='bbox 870 3759 889 3800; x_wconf 91' lang='lat' dir='ltr'><strong>a</strong></span> <span class='ocrx_word' id='word_1_205' title='bbox 913 3739 1021 3820; x_wconf 91' lang='lat' dir='ltr'><strong>priore</strong></span> <span class='ocrx_word' id='word_1_206' title='bbox 1046 3739 1285 3822; x_wconf 88' lang='lat' dir='ltr'><strong>praepositione</strong></span> 
     </span>
     <span class='ocr_line' id='line_1_30' title="bbox 229 3846 1285 3933; baseline -0.002 -19"><span class='ocrx_word' id='word_1_207' title='bbox 229 3851 270 3914; x_wconf 86' lang='lat' dir='ltr'><strong>ad</strong></span> <span class='ocrx_word' id='word_1_208' title='bbox 294 3852 425 3933; x_wconf 89' lang='lat' dir='ltr'><strong>stirpem</strong></span> <span class='ocrx_word' id='word_1_209' title='bbox 449 3849 646 3912; x_wconf 82' lang='lat' dir='ltr'><strong>transilirent</strong></span> <span class='ocrx_word' id='word_1_210' title='bbox 668 3847 723 3910; x_wconf 84' lang='lat' dir='ltr'><strong>cfr.</strong></span> <span class='ocrx_word' id='word_1_211' title='bbox 737 3846 820 3910; x_wconf 74' lang='lat' dir='ltr'>VIII</span> <span class='ocrx_word' id='word_1_212' title='bbox 836 3849 921 3928; x_wconf 74' lang='grc'><strong>24,5</strong></span> <span class='ocrx_word' id='word_1_213' title='bbox 943 3849 1285 3933; x_wconf 64' lang='grc' dir='ltr'><strong><em>ξιιναιναιριθὴσεσθαι</em></strong></span> 
     </span>
     <span class='ocr_line' id='line_1_31' title="bbox 231 3958 1285 4044; baseline -0.003 -20"><span class='ocrx_word' id='word_1_214' title='bbox 231 3964 296 4044; x_wconf 90' lang='lat' dir='ltr'><strong>(cet</strong></span> <span class='ocrx_word' id='word_1_215' title='bbox 318 3962 378 4024; x_wconf 87' lang='lat' dir='ltr'><strong>cod</strong></span> <span class='ocrx_word' id='word_1_216' title='bbox 407 3961 719 4043; x_wconf 69' lang='grc' dir='ltr'><strong><em>ξαναιρεθήσισθαι)</em></strong></span> <span class='ocrx_word' id='word_1_217' title='bbox 752 3959 835 4020; x_wconf 81' lang='lat' dir='ltr'><strong>Vlll</strong></span> <span class='ocrx_word' id='word_1_218' title='bbox 865 3959 912 4039; x_wconf 83' lang='lat'><strong>13,</strong></span> <span class='ocrx_word' id='word_1_219' title='bbox 942 3958 1285 4044; x_wconf 71' lang='grc' dir='ltr'><strong><em>ξιινδιαιιολεμήσασαι</em></strong></span> 
     </span>
     <span class='ocr_line' id='line_1_32' title="bbox 230 4069 1285 4156; baseline -0.002 -22"><span class='ocrx_word' id='word_1_220' title='bbox 230 4071 296 4155; x_wconf 89' lang='lat' dir='ltr'><strong>(cet</strong></span> <span class='ocrx_word' id='word_1_221' title='bbox 317 4070 380 4134; x_wconf 89' lang='lat' dir='ltr'><strong>eod</strong></span> <span class='ocrx_word' id='word_1_222' title='bbox 402 4070 703 4156; x_wconf 71' lang='grc' dir='ltr'><strong><em>ξινμπο-λεμὴσασαι)</em></strong></span> <span class='ocrx_word' id='word_1_223' title='bbox 729 4069 847 4132; x_wconf 80' lang='lat' dir='ltr'>V1121</span> <span class='ocrx_word' id='word_1_224' title='bbox 873 4073 1111 4148; x_wconf 69' lang='grc' dir='ltr'><strong><em>ξυναναιιιίθει</em></strong></span> <span class='ocrx_word' id='word_1_225' title='bbox 1137 4071 1201 4154; x_wconf 86' lang='lat' dir='ltr'><strong>(cet</strong></span> <span class='ocrx_word' id='word_1_226' title='bbox 1224 4070 1285 4134; x_wconf 92' lang='lat' dir='ltr'><strong>cod</strong></span> 
     </span>
     <span class='ocr_line' id='line_1_33' title="bbox 232 4181 432 4266; baseline 0.005 -20"><span class='ocrx_word' id='word_1_227' title='bbox 232 4181 432 4266; x_wconf 77' lang='grc' dir='ltr'><strong><em>ξυνέπειθε).</em></strong></span> 
     </span>
    </p>
   </div>
   <div class='ocr_carea' id='block_1_3' title="bbox 0 0 1529 4760">
    <p class='ocr_par' dir='ltr' id='par_1_7' title="bbox 0 0 1529 4760">
     <span class='ocr_line' id='line_1_34' title="bbox 0 0 1529 4760; baseline 0 0"><span class='ocrx_word' id='word_1_228' title='bbox 0 0 1529 4760; x_wconf 95' lang='lat' dir='ltr'><strong> </strong></span> 
     </span>
    </p>
   </div>
  </div>
 </body>
</html>
