3038 4760
634 523 804 588 „21-

293 711 376 774 VIII
398 710 448 792 56,
472 711 493 775 5
516 710 665 775 ἐνταῦθα
687 709 727 795 δὴ
750 709 856 776 οὐκέτι
880 713 938 794 (τι)
972 709 1104 793 ,,οῗλλ’66
1135 711 1249 797 α’πορα

189 826 382 904 νομίσαντες
405 820 434 886 οἱ
454 819 632 909 Ἀθηναῖοι
659 830 713 886 καὶ
736 822 802 888 ὑπὸ
823 830 879 888 τοῦ
896 821 1111 906 Ἀλκιβιάδου
1134 825 1249 911 &Eppu-

188 934 322 1015 τῆσθαι,
358 934 401 998 δι’
428 930 525 1016 ὀργῇς
551 932 755 1009 ἀπελθόντες
777 936 964 1019 κομίζονται
989 936 1022 1010 ἐς
1044 933 1100 1020 τὴν
1122 937 1247 1016 Σοίμον.

187 1041 262 1105 Non
293 1052 462 1128 perspecta
493 1046 610 1129 ellipsi,
645 1067 726 1128 quae
752 1054 828 1130 post
857 1045 963 1112 οὐκέτι
989 1047 1161 1111 statuenda
1191 1055 1248 1127 est,

188 1163 324 1239 apparet
357 1155 475 1220 sactum
508 1177 590 1238 esse,
624 1165 659 1220 ut
688 1155 761 1222 ἀλλ’
791 1158 824 1220 in
852 1157 1014 1222 Vaticano
1044 1158 1248 1240 abjiceretur.

188 1263 302 1347 Neque
331 1273 438 1330 tamen
468 1276 530 1348 est,
561 1269 646 1351 quod
676 1269 728 1332 vel
750 1270 846 1333 hodie
868 1269 929 1332 viri
952 1269 1041 1335 docti
1064 1270 1156 1334 nimis
1178 1272 1248 1334 hae

187 1383 282 1440 rea-nt
298 1378 335 1440 in
358 1379 418 1440 hac
440 1377 589 1458 dictione,
620 1402 752 1462 quaeum
782 1380 920 1446 conferri
947 1381 1072 1463 possint
1094 1382 1248 1466 exempla,

187 1487 294 1569 qualia
317 1495 403 1552 suut:
427 1488 510 1552 Plat.
534 1489 611 1554 πολ.
635 1489 708 1553 495.
733 1488 772 1555 οὐ
795 1490 858 1575 γὰρ
881 1490 954 1555 ἀλλ’
978 1489 1092 1576 ὀρθῶς
1116 1493 1247 1579 ἐλέχθη,

187 1599 244 1661 Ar.
267 1603 359 1682 βατρ.
383 1599 425 1664 58
457 1598 500 1683 μὴ
535 1605 662 1664 σκῶπτε
694 1603 728 1684 μ’
762 1600 882 1686 ὦδελφ’
914 1600 952 1667 οὐ
981 1601 1046 1686 γὰρ
1079 1601 1152 1668 ἀλλ’
1186 1604 1249 1686 ἔχω

186 1714 293 1784 κακῶς
315 1731 375 1774 nec
397 1731 523 1796 sempor
545 1713 630 1775 inter
653 1711 691 1775 οὐ
714 1721 747 1776 et
770 1710 860 1778 ἄλλα
880 1715 957 1777 licet
979 1723 1100 1778 certum
1116 1717 1249 1778 verbum

185 1821 360 1902 cogitando
383 1823 598 1906 interponere,
622 1823 678 1886 sed
702 1822 741 1889 οὐ
764 1823 828 1907 γὰρ
843 1823 934 1888 α’λλιί
947 1845 1078 1908 prorsus
1093 1827 1248 1890 coaluisse

184 1933 343 2013 videntm,
367 1935 413 1996 ita
435 1943 471 1998 ut
493 1935 624 1998 valeant
645 1956 705 2018 pro
728 1942 783 1998 καὶ
805 1937 880 2020 γάρ.
926 1937 979 1998 Ad
1002 1937 1083 2001 hanc
1106 1939 1249 2002 similitu·

186 2045 293 2108 dinem
315 2053 427 2108 nostro
449 2044 521 2108 loco
546 2042 650 2109 οὐκέτι
673 2042 763 2107 ἄλλο’
785 2045 886 2128 „jam“
905 2048 1038 2128 accipio.
1078 2051 1166 2132 „lam
1181 2071 1248 2114 rem

186 2175 272 2218 suam
297 2155 535 2236 desperantes.“

293 2267 376 2330 VIII
399 2267 449 2348 34,
484 2265 520 2330 ai
554 2267 582 2332 δ’
615 2267 714 2332 ἄλλαι
742 2270 1004 2353 καταφεύγουσιν
1032 2269 1065 2344 ἐς
1093 2291 1150 2334 τον
1182 2266 1247 2333 ὑπὸ

186 2381 229 2462 τῷ
246 2381 394 2461 Μίμαντι
418 2380 534 2463 λιμένα
556 2383 776 2444 Φοινικοῦντα
800 2382 1109 2465 ᾖκαλούμενον.α
1148 2382 1249 2445 Inter·

187 2489 302 2553 cidisse
334 2491 368 2553 in
390 2491 552 2554 Vaticano
583 2489 786 2574 καλούμενον
812 2493 947 2572 primum
975 2493 1049 2556 inde
1073 2492 1247 2576 colligitur,

189 2601 274 2681 quod
305 2621 486 2682 expressum
520 2611 570 2665 est
604 2603 637 2664 in
667 2603 814 2666 versione
842 2605 1007 2668 Laurentii
1034 2603 1162 2683 Vallae,
1193 2605 1247 2686 qni

188 2711 271 2774 solet
292 2713 451 2777 Vaticano
479 2713 670 2778 consentire.
715 2714 891 2779 Praeterea
921 2717 947 2779 si
977 2717 1105 2780 abesset
1135 2713 1247 2778 καλού-

184 2846 295 2905 μενον,
325 2825 586 2906 desideraremus,
614 2833 649 2888 ut
671 2827 878 2891 antecederet
901 2829 1119 2892 Φοινικοῦντα
1140 2827 1247 2890 verbis

184 2933 242 2999 τὸν
264 2933 331 3000 duri
356 2939 397 3022 τῷ
424 2942 572 3021 Μίμαντι
595 2936 723 3020 λιμένα.

291 3047 375 3111 VIII
403 3047 452 3128 53,
477 3048 497 3109 2
522 3094 532 3110 .
556 3095 564 3110 .
591 3096 598 3111 .
625 3093 633 3111 .
663 3046 680 3112 ὁ
712 3048 918 3132 Πείσανδρος
950 3048 1130 3130 παρελθών
1164 3045 1247 3131 πρὸς

185 3156 312 3242 πολλὴν
343 3157 533 3238 ἀντιλογίαν
567 3165 620 3222 καὶ
652 3158 867 3243 σχιτλιασμὸν
898 3157 1004 3245 ἠρώτα
1031 3163 1089 3221 ἕνα
1112 3161 1247 3222 ἕκαστον

183 3265 355 3348 ,,αὖτα“ιν“
385 3271 547 3354 παράγων
578 3273 642 3333 τῶν
669 3268 915 3349 ἀντιλεγόντοιν.
974 3271 1091 3334 Omnes
1117 3270 1244 3332 silentio

139 3465 140 3469 Ἰ
183 3382 446 3458 praetermittunt
483 3379 601 3456 αι’ϊιῖιν,
636 3403 697 3464 quo
732 3383 919 3461 pronomine
955 3381 1062 3446 nescio
1098 3401 1137 3442 an
1170 3388 1245 3462 apte

186 3490 272 3554 dicat
292 3491 502 3575 Thucydides,
519 3491 707 3556 Pisandrum
729 3494 944 3575 interrogasse
968 3493 1055 3572 ipsos
1071 3492 1245 3574 adver-sios,

185 3623 205 3664 a
227 3603 340 3684 quibus
363 3603 430 3666 fieri
455 3605 568 3684 potuit,
592 3613 627 3667 ut
649 3605 678 3666 ei
701 3605 828 3686 ingrata
849 3603 1130 3686 responderentur.

291 3714 355 3776 Vll
374 3717 411 3778 11
433 3716 468 3778 ἐν
485 3714 601 3790 ἄλλαις
616 3715 823 3794 ,,ιιολλαῖς“
844 3714 1034 3789 ἐπιστολαῖς
1051 3717 1127 3778 ἴστε.
1166 3713 1244 3778 πολ-

185 3807 258 3898 λαῖς
287 3845 306 3887 a
335 3825 494 3908 plerisque
528 3827 616 3890 uncis
656 3826 839 3906 includitur,
875 3826 931 3888 sed
970 3833 1078 3905 aptam
1117 3825 1245 3888 videtur

184 3937 363 4000 sententiae
387 3939 450 4001 vim
474 3939 601 4017 addere,
634 3957 703 4000 cnm
726 3958 791 4000 non
815 3945 890 4000 tunc
912 3939 1045 4017 primum
1068 3937 1124 3999 sed
1147 3957 1243 4017 saepe

178 4047 247 4130 jam
270 4047 379 4112 Nicias
401 4051 545 4114 Athenas
568 4049 716 4113 retulerit
738 4049 778 4110 de
800 4069 904 4111 rerum
927 4048 1125 4112 condicione.

289 4159 405 4224 Restat
434 4167 469 4224 ut
494 4160 671 4241 videamus,
705 4161 818 4245 quibus
848 4160 1141 4244 interpretamentis
1164 4180 1243 4226 unus

183 4271 360 4340 Vaticanus
381 4273 463 4340 liber
485 4273 537 4340 sit.
