3038 4760
680 453 785 544 ..ρο
806 515 849 529 .-

239 666 453 732 Athenienses
495 666 671 750 subjectum
707 668 806 732 totius
842 667 967 751 periodi
1008 667 1186 754 accipiendi
1224 669 1296 750 sint,

238 779 356 861 legitur
375 779 409 844 in
432 779 547 842 ceteris
570 778 733 842 codicibus
755 776 950 864 Ἀθηναίοις
972 779 1014 842 ad
1036 784 1297 864 προςαᾳιγμένοτ

237 891 374 954 relatum
402 889 512 954 dativo
539 889 660 973 posite,
688 889 781 971 quale
812 890 1024 954 anacoluthon
1056 896 1186 976 praeter
1214 890 1297 954 hunc

237 1001 341 1066 locum
374 1001 465 1064 vides
498 1005 514 1063 I
541 1001 591 1082 72,
615 1001 644 1064 1.
689 1003 727 1062 In
754 999 913 1065 Vaticano
948 1013 1015 1078 τοῖς
1042 1001 1238 1087 Ἀθηναίοις
1264 1003 1297 1065 in

239 1111 271 1178 οἱ
288 1112 465 1197 Ἀθηναῖοι
486 1119 642 1176 mutatum
664 1119 724 1174 est.
826 1181 828 1186 ,

343 1225 408 1284 VII
429 1221 523 1303 51st
555 1221 671 1308 ἐπειδὴ
707 1223 742 1287 δὲ
778 1220 890 1306 πατρὸς
918 1218 967 1306 ἦν,
1000 1224 1035 1312 τῇ
1066 1227 1128 1304 μὲν
1157 1228 1297 1308 προτέρᾳ

239 1332 323 1418 πρὸς
349 1333 388 1397 τὰ
416 1336 503 1418 τείχη
529 1337 593 1397 τῶν
609 1332 802 1420 ’Amatur
824 1332 1059 1419 προςέδαλλον.
1107 1334 1296 1399 Vaticanus:

239 1449 274 1538 τῇ
296 1450 357 1528 μὲν
380 1447 571 1527 προτεραίᾳ.
617 1443 682 1509 Sed
696 1445 819 1508 Herbst
841 1446 874 1508 in
895 1443 1022 1525 litteris,
1045 1465 1122 1527 quas
1142 1447 1183 1508 ad
1200 1445 1298 1510 Cobe-

239 1563 306 1619 tum
337 1555 428 1618 dedit
460 1554 620 1639 (Fleckeis
651 1557 754 1641 suppl.
786 1558 848 1641 ΙΙΙ)
883 1555 1036 1640 exem-plis
1066 1557 1299 1621 demonstravit

239 1669 412 1751 scriptores
434 1687 497 1729 non
521 1687 641 1751 ponere
664 1680 871 1752 προτεραῖος,
894 1667 955 1729 nisi
971 1669 1180 1732 antecesserit
1194 1677 1297 1752 poste·

238 1772 333 1842 rioris
367 1777 520 1860 temporis
554 1777 761 1861 significatio,
800 1779 850 1842 cui
887 1777 1105 1842 observationi
1138 1776 1299 1843 consentit

239 1889 455 1974 Thucydides,
491 1909 586 1970 quom
618 1890 736 1954 habeat
769 1889 905 1972 154,2
932 1892 967 1980 τῇ
993 1893 1187 1975 προτεραίᾳς
1213 1894 1230 1953 Ι
1255 1891 1299 1954 44

226 2004 289 2063 ἸΙΙ
323 2001 372 2080 36,
408 2000 427 2063 3
462 2003 497 2090 τῇ
531 2005 686 2086 προτέρᾳ.
743 2005 856 2084 Itaque
890 2009 1036 2085 putamus
1070 2001 1103 2063 in
1136 2001 1297 2064 Vaticano

239 2115 384 2194 προτέρᾳ
413 2111 446 2174 in
474 2115 653 2196 προτεραίᾳ
675 2112 934 2176 transformatum
956 2133 1025 2177 esse
1048 2133 1068 2176 a
1089 2113 1297 2194 grammatico

239 2223 281 2286 ad
303 2222 541 2286 similitudinem
563 2223 725 2306 sequentis
747 2219 911 2308 ὑστεραίᾳ.

345 2332 420 2398 Non
449 2340 515 2398 tam
543 2335 727 2398 offensionis
748 2336 962 2400 removendae
985 2356 1087 2418 causa,
1115 2357 1209 2420 quam
1229 2335 1298 2398 libi·

240 2446 314 2510 dine
343 2444 495 2528 impulsus
518 2447 744 2528 grammaticus
765 2447 954 2532 scripturam
976 2447 1138 2529 vulgatam
1161 2446 1299 2510 tentavit

240 2561 322 2619 VIII
343 2557 395 2621 21.
418 2557 469 2638 48,
495 2558 523 2620 1.
546 2558 596 2638 63,
619 2559 640 2622 3
663 2560 717 2622 ubi
732 2559 909 2624 Vaticanus
931 2579 990 2642 pro
1013 2558 1122 2622 formis
1138 2556 1297 2632 δυνατῶν,

241 2669 391 2744 δυνατοί,
430 2668 587 2758 δυνατούς
625 2671 837 2755 superlativus
870 2670 1015 2755 praebet.
1068 2669 1110 2732 Ilt
1142 2670 1223 2729 VIII
1258 2667 1296 2730 21

240 2781 368 2864 qrridem
391 2781 445 2843 vin
467 2780 543 2843 ferri
566 2789 675 2866 potest
698 2781 940 2857 δυνατωτάτων,
965 2782 991 2844 si
1014 2781 1171 2844 concedas
1187 2779 1298 2842 ducen-

240 2901 345 2956 torum
367 2912 530 2956 numerum
554 2893 707 2976 majorem
731 2913 799 2957 esse
823 2915 916 2977 quam
939 2894 992 2976 qui
1015 2913 1055 2955 ex
1070 2892 1300 2976 potentissimis

240 3004 411 3085 efficiatur,
445 3025 539 3086 quom
572 3005 643 3089 plns
671 3007 827 3069 ducentos
855 3005 1095 3088 potentissimos
1122 3003 1208 3067 Sami
1234 3009 1299 3066 tum

240 3115 337 3179 fuisse
372 3115 525 3180 credibile
558 3137 623 3180 non
656 3118 708 3180 sit.
753 3115 814 3192 Qui
850 3111 955 3179 autem
989 3136 1111 3178 mecum
1144 3117 1226 3177 VIII
1258 3115 1297 3178 21

242 3226 476 3291 δυνατωτάτων
498 3229 731 3312 reprobaverit,
755 3228 782 3291 is
797 3247 837 3290 ne
852 3230 933 3288 VIII
947 3228 989 3292 48
1012 3234 1046 3289 et
1067 3229 1148 3288 VIII
1171 3226 1213 3289 63
1236 3225 1300 3307 qui·

241 3337 312 3403 dem
346 3336 506 3401 Vaticano
541 3339 636 3402 fidem
667 3339 794 3402 habeat.
858 3335 922 3400 Sed
953 3338 1035 3396 VIII
1061 3335 1102 3399 63
1133 3337 1301 3401 Classenus

241 3467 279 3511 eo
311 3448 412 3530 magis
440 3448 560 3513 fatetur
582 3471 616 3514 se
637 3449 801 3532 requirere
824 3446 1058 3530 superlativum,
1086 3448 1160 3530 quia
1183 3448 1301 3534 populi,

240 3579 305 3622 non
339 3560 539 3642 optimatium
574 3561 735 3645 principes
762 3555 993 3640 significentur,
1026 3559 1059 3622 in
1087 3579 1149 3643 qua
1174 3581 1210 3623 re
1239 3580 1300 3642 ego

241 3670 405 3735 dissentio.
450 3669 533 3734 Nam
560 3679 596 3734 ut
622 3691 785 3754 ponamus,
817 3669 903 3751 quod
930 3691 994 3734 non
1023 3677 1072 3734 est
1094 3677 1216 3734 certum
1238 3671 1301 3735 dici

241 3783 323 3844 VIII
345 3783 387 3846 63
411 3782 569 3857 δυνατούς
589 3781 701 3866 populi
724 3782 891 3866 principes,
914 3781 975 3845 hoc
996 3781 1075 3844 nihil
1091 3783 1132 3845 ad
1149 3781 1301 3864 adjectivi

241 3891 375 3974 gradum
386 3893 512 3957 attinet.
537 3892 692 3957 Similiter
704 3893 785 3954 VIII
797 3892 839 3956 24
850 3893 1027 3956 Vaticanus
1039 3893 1136 3956 habet
1147 3890 1183 3958 τὸ
1196 3891 1301 3976 ἄσφα-

241 4003 402 4077 λέστατον,
419 4004 519 4068 multo
532 4023 610 4067 vero
622 4004 726 4087 aptius
743 4003 843 4066 ceteri
856 4003 982 4074 codices
995 4003 1029 4069 τὸ
1046 4001 1299 4088 ἀσφαλέστερον,

242 4115 274 4178 in
297 4136 360 4198 quo
383 4115 603 4199 comparativo
627 4115 710 4179 inest
732 4115 834 4178 minus
857 4120 936 4196 tute,
960 4135 1054 4198 quam
1077 4135 1156 4198 opus
1179 4121 1237 4178 est.
