3038 4760
396 905 690 1008 Sententiae
726 921 1096 1010 controversae.

280 1165 284 1171 ·
319 1132 347 1215 Ι)
371 1131 470 1195 Thuo.
493 1137 525 1194 ΙΙ
550 1132 598 1212 16,
624 1133 638 1195 1
669 1153 710 1194 ex
731 1145 891 1215 μετεῖχον,
916 1133 1001 1215 quod
1025 1132 1120 1214 vulgo
1144 1134 1272 1196 circum·

213 1242 329 1324 fertur,
366 1263 460 1307 sanus
497 1263 606 1306 sensus
641 1265 706 1306 non
732 1224 874 1324 eruitur,
911 1244 1047 1307 restituo
1085 1248 1271 1325 κατείχονοο

214 1355 453 1438 (retinebantur
475 1355 573 1436 igitur
594 1355 808 1418 Athenienses
832 1355 980 1418 diuturna
1002 1356 1035 1417 in
1058 1357 1142 1437 agris
1170 1355 1272 1418 libera
1343 1423 1348 1450 ,

214 1466 488 1549 commoratione).

319 1622 363 1705 ΙΙ)
387 1621 487 1686 Thuc.
511 1627 542 1686 ΙΙ
565 1623 615 1702 68,
640 1622 657 1685 7
681 1630 756 1706 post
778 1629 831 1686 καὶ
855 1627 935 1698 ναῦς
957 1625 1129 1705 τριάκοντα
1146 1623 1273 1686 videtur

214 1734 373 1796 sententia
405 1733 509 1798 hiulca
540 1754 623 1814 esse,
658 1755 751 1816 quem
774 1734 932 1800 defectum
955 1734 1131 1818 suppleturi
1155 1755 1271 1818 propo-

213 1845 327 1925 nimus,
349 1853 384 1909 ut
407 1847 539 1910 verbum
561 1846 654 1928 quala
677 1853 727 1910 cst
750 1845 949 1932 ἐθάῤῥησαν,
966 1845 1186 1928 interjiciatur.

319 2003 380 2086 ΙΙΙ)
412 2002 511 2068 Thuc.
540 2009 589 2066 III
616 2003 666 2082 66,
694 2005 714 2066 2
750 2003 983 2086 distinguentes
1005 2009 1079 2086 post
1100 2004 1193 2086 παρά
1217 2000 1273 2086 τὴν

216 2113 377 2198 ξύμβασιν
410 2115 451 2177 ad
487 2113 680 2197 ἐπιθέμενοι
712 2123 817 2179 mente
852 2115 1025 2199 repetimus
1059 2111 1271 2178 ἅνταπέδοτε.

214 2225 278 2288 Per
300 2225 435 2288 ironiam
458 2226 568 2289 dicunt
591 2225 737 2289 Thebani
764 2227 872 2310 „paria
898 2227 992 2289 nobis
1018 2246 1083 2288 non
1104 2215 1272 2290 rettulistis

215 2337 272 2400 sed
303 2337 472 2402 rettulistis
506 2358 544 2400 ca
577 2357 621 2418 re,
649 2338 735 2420 quod
762 2325 891 2421 praeter
913 2337 1025 2400 foedus
1048 2357 1106 2400 nos
1129 2335 1272 2418 aggressi

215 2449 317 2529 estis,“
333 2469 414 2531 quae
434 2448 658 2514 concinnitatis
673 2449 808 2514 violatio
824 2469 864 2512 ex
881 2469 973 2512 more
988 2448 1195 2532 Thucydideo
1213 2454 1271 2510 est.

319 2607 374 2691 lv)
398 2607 496 2671 Thuo.
520 2611 561 2670 IV
584 2607 634 2688 63,
655 2607 675 2671 2
699 2605 739 2672 οὗ
760 2612 836 2690 περὶ
857 2609 915 2671 τοῦ
936 2607 1183 2690 τιμωρήσασθαί
1200 2628 1274 2669 τινα

215 2738 285 2781 cum
299 2719 562 2801 subsequentibus
585 2717 677 2802 φίλοι
699 2721 760 2800 μὶν
780 2718 824 2780 dr
839 2729 906 2792 τοῖς
924 2717 1097 2798 ἐχθίστοις,
1116 2717 1272 2801 διάφοροι

215 2835 275 2892 etc.
284 2829 486 2911 jungendum
501 2837 535 2892 et
549 2830 622 2892 τινὰ
638 2829 679 2891 ad
695 2827 820 2892 Siculos
834 2829 1035 2892 referendum
1050 2837 1099 2892 cst
1115 2827 1157 2909 Si,
1170 2829 1273 2910 iuquit

215 2941 456 3022 HermocrateS,
484 2942 562 3004 meis
592 2941 699 3004 verbis
728 2962 794 3004 non
827 2942 944 3007 auditis
970 2939 1166 3024 paruerimus
1192 2939 1271 3020 aliis,

215 3073 280 3116 nou
302 3052 397 3116 modo
420 3074 515 3134 quom
538 3053 675 3136 aliquam
698 3053 861 3116 civitatem
885 3053 933 3137 (ut
954 3072 1037 3115 nunc
1057 3071 1115 3115 ros
1130 3059 1271 3116 nostram

216 3164 392 3248 civitatem)
415 3165 511 3227 ulturi
534 3185 647 3244 sumus,
671 3165 764 3228 amici
779 3165 895 3228 erimus
910 3163 1158 3227 Atheniensibus
1173 3163 1271 3225 iuimi-

215 3275 356 3356 cissimis,
379 3275 496 3339 iuimici
519 3296 596 3339 vero
620 3277 704 3339 inter
725 3283 851 3339 uosmet
872 3276 967 3358 ipseo,
991 3275 1075 3336 inter
1090 3293 1170 3356 quos
1185 3272 1272 3334 nulla

215 3387 381 3450 inimicitia
403 3387 602 3451 intercedere
626 3387 730 3468 debet,
758 3387 814 3449 scd
837 3387 948 3468 quavis
971 3385 1138 3449 occasione
1162 3384 1271 3448 oblata

216 3498 260 3582 (ai
280 3498 445 3584 τύχοιμεν)
469 3499 522 3562 vel
544 3499 682 3563 omnine.

321 3657 359 3741 V)
382 3657 480 3720 Thuc.
505 3661 545 3720 IV
571 3656 640 3736 128,
664 3655 684 3718 5
712 3654 902 3739 Corruptela
923 3654 1005 3717 latet
1026 3653 1059 3716 iu
1082 3651 1270 3728 διαναστάς,

216 3789 235 3832 a
261 3768 349 3852 cujus
376 3769 466 3832 verbi
489 3768 606 3832 litteris
629 3767 713 3830 haud
734 3767 831 3848 longe
853 3766 984 3847 recedit,
1015 3765 1100 3846 quod
1123 3764 1216 3826 nohis
1239 3764 1271 3825 in
1365 3831 1368 3838 ,

215 3886 353 3943 mentem
387 3881 525 3944 occurrit
558 3879 786 3961 refingentibus
821 3878 854 3942 di
885 3875 1044 3959 ἀνάγκας.
1110 3875 1272 3939 Concursu

216 3999 321 4055 autem
343 3993 514 4056 verborum
537 3988 726 4072 ἀναγκαίων
748 3999 781 4054 et
805 3989 839 4053 δι’
852 3991 999 4070 ανάχκας
1021 3994 1096 4071 apte
1112 3988 1160 4050 ris
1176 4006 1271 4050 neces

216 4105 319 4168 sitatis
342 4104 527 4168 intenditur.
