3038 4760
694 513 864 576 „22-

353 701 436 762 VIII
457 701 508 781 46,
531 701 551 764 3
573 704 629 764 καί
651 696 708 765 οὐκ
728 698 814 775 εἰκὸς
835 701 921 762 εἶναι
937 698 1221 782 Λακεδαιμονίους
1236 695 1308 764 ἀπὸ

249 817 310 895 μὲν
339 815 433 894 σφῶν
459 819 523 876 τῶν
547 810 709 897 Ἑλλήνων
740 811 938 894 ἐλευθεροῦν
964 814 1023 876 νῦν
1050 809 1123 884 τοὺς
1137 809 1307 895 Ἕλληνας,

249 920 319 987 dub
344 921 373 986 δ’
396 922 529 986 ἐκείνων
545 927 637 1004 ,μῶν
660 928 732 1006 βαρ
739 926 760 1005 β
767 923 790 985 α’
797 923 910 1004 onst,
927 921 966 1005 ἢν
981 921 1024 1006 μή
1040 945 1118 985 ποτε
1134 919 1252 995 αὖτοὺς
1265 919 1309 1007 μὴ

251 1033 394 1110 ἐξέλωσι,
418 1030 461 1118 μὴ
485 1033 716 1116 ἐλευθερῶσαι.
762 1031 797 1096 si
820 1033 964 1096 omnibus
987 1033 1149 1096 codicibus
1169 1033 1310 1123 contine·

249 1153 338 1212 retur
361 1149 424 1208 τῶν
447 1146 633 1228 βαρβαρων,
665 1144 752 1207 nulla
774 1143 911 1227 suspicio
935 1142 1087 1222 subesset,
1110 1137 1206 1226 quom
1227 1143 1310 1206 Thu·

251 1257 381 1341 cydides
403 1254 499 1318 simili
521 1255 705 1338 apponendi
726 1255 852 1317 ratione
874 1260 983 1317 utatur
1005 1253 1108 1335 1144,
1124 1255 1144 1317 3
1160 1260 1214 1318 καὶ
1231 1253 1311 1320 ὅιαν

251 1363 396 1430 κάκεῖνοι
419 1377 489 1440 ταῖς
511 1365 619 1430 αὐτῶν
640 1364 792 1430 ἀποδῶσι
815 1363 930 1428 πόλεσι
952 1361 995 1450 μη
1018 1369 1109 1448 σφίσι
1125 1372 1311 1439 τοῖς-Λακε-

252 1478 437 1560 δαιμονίοις
470 1475 658 1560 ἐπιτηδείως
690 1473 962 1558 αὐτονομεῖσθαι,
1002 1477 1051 1539 IV
1080 1477 1154 1556 114,
1187 1477 1209 1539 4
1240 1475 1311 1540 οὐδ’

252 1591 295 1653 ἂν
318 1591 410 1672 σφῶν
426 1590 684 1671 πειρασομένους
700 1585 818 1660 αὐτοὺς
833 1590 897 1649 τῶν
913 1586 1186 1671 Λακεδαιμονίων
1203 1589 1311 1652 δοκεῖν

252 1697 350 1786 ἧσσον
353 1749 468 1765 ......
482 1699 546 1762 Sed
561 1719 644 1762 nuuc
655 1700 804 1781 quoniam
817 1699 980 1781 quaeritur
993 1699 1308 1781 deprehendamusne

252 1811 286 1874 in
307 1812 467 1876 Vaticano
496 1811 667 1892 defectum,
696 1811 791 1872 auin
814 1809 929 1872 ceteris
952 1809 1114 1873 codicibus
1138 1810 1311 1893 interpola·

253 1924 381 1999 tionem,
403 1923 536 2008 pronior
557 1943 625 1984 snm
648 1942 695 2000 eo,
718 1927 753 1984 ut
776 1921 903 1984 credam
925 1925 990 1984 τῶν
1012 1924 1187 2005 βαρβαρων
1210 1921 1312 2004 adjec-

254 2042 320 2098 tum
353 2055 422 2098 esse
452 2055 472 2096 a
498 2033 707 2116 grammatico
741 2053 781 2094 ne
814 2035 879 2094 τῶν
908 2031 1068 2116 Ἑλλήνων
1101 2040 1226 2096 careret
1257 2053 1313 2095 sua

253 2147 471 2229 responsione.
522 2144 635 2226 Neque
671 2163 749 2206 vero
788 2143 883 2205 veiim
921 2143 1018 2206 etiam
1055 2147 1120 2207 τῶν
1152 2143 1314 2230 Ἑλλήνων

168 2301 173 2307 .
256 2257 336 2339 ejici,
370 2257 455 2339 quod
488 2258 621 2319 verbum
650 2263 683 2318 et
711 2255 856 2318 omnibus
883 2254 1045 2318 codicibus
1073 2257 1255 2318 continetur
1281 2262 1315 2318 et

255 2369 446 2431 sententiam
469 2369 610 2457 adjuvat.
645 2365 729 2429 Nam
751 2372 826 2448 apte
849 2366 894 2428 sie
917 2365 1047 2428 effertur
1070 2367 1314 2430 Atheniensium

256 2501 325 2542 cum
347 2479 499 2543 Asiaticis
523 2479 655 2543 Graecis
678 2477 851 2540 eommunis
875 2475 999 2540 Graeca
1023 2479 1123 2560 origo,
1148 2499 1228 2561 quae
1253 2479 1314 2542 etsi

204 2610 205 2613 ’
257 2598 314 2672 est,
337 2597 444 2654 tamen
466 2589 580 2652 nolunt
601 2588 847 2652 Lacedaemonii
869 2588 942 2651 iilos
964 2589 1012 2651 his
1035 2589 1202 2672 imperare.

362 2751 446 2816 VIII
462 2751 549 2832 69,4
571 2752 692 2815 τούτων
715 2751 751 2815 δὲ
773 2749 1146 2833 διαισυαγμένωνοῧιως
1162 2745 1317 2825 ἐλθόντες

258 2861 290 2926 oi
313 2865 513 2948 τετρακόσιοι
535 2861 615 2946 μετὰ
640 2866 756 2946 ξίφους
778 2861 930 2946 ἀφανοῦς
952 2863 1082 2934 ἓκασιυς
1097 2865 1151 2923 καί
1168 2859 1199 2925 οἳ
1215 2866 1316 2926 εἴκοσι

258 2980 311 3037 καὶ
327 2973 442 3039 ἑκατὸν
456 2976 523 3058 μετ’
538 2972 645 3037 αὐτῶν
663 2971 870 3056 ,,”Ελληνες“
887 2974 1063 3033 νεανίσκοι.
1081 3019 1085 3031 .
1102 3019 1130 3034 ..
1151 2973 1234 3049 Quid
1255 2974 1316 3036 sibi

258 3086 338 3148 velit
362 3086 526 3170 Ἕλληνες,
560 3106 652 3148 nemo
683 3083 785 3146 adhuc
813 3082 1020 3164 excogitavit.
1070 3081 1151 3146 Sunt
1178 3084 1315 3166 quidem,

259 3199 311 3279 qui
338 3205 453 3282 putent
480 3197 632 3279 distingui
662 3196 721 3261 hos
742 3195 878 3278 juvenes
906 3195 945 3256 ab
973 3193 1035 3256 illis
1063 3192 1201 3280 Scythis,
1236 3215 1316 3277 quos

258 3309 354 3372 fuisse
381 3308 621 3390 magistratuum
654 3308 854 3390 apparitores
881 3313 991 3368 notum
1020 3313 1081 3385 est,
1115 3328 1176 3388 quo
1204 3308 1316 3390 inepto

260 3418 393 3482 consilio
429 3419 557 3482 ductum
583 3419 690 3502 potius
717 3417 915 3480 crediderim·
934 3417 1187 3498 grammaticum,
1222 3437 1317 3499 quarn

260 3528 477 3610 Thucydidem
505 3531 673 3593 inseruisse
688 3528 849 3614 Ἕλληνες,
882 3549 977 3610 quom
1005 3549 1098 3590 nemo
1130 3521 1318 3604 νεανίσκους

260 3639 453 3721 cogitaverit
473 3641 545 3705 illos
567 3661 685 3724 servos,
707 3640 763 3704 scd
787 3639 1040 3702 adulescentulos
1062 3639 1196 3702 nobiles,

365 3812 449 3876 VIII
471 3814 521 3894 91,
546 3815 561 3877 1
586 3814 667 3878 τοῦτ’
691 3809 750 3876 οὖν
786 3811 820 3874 ἐκ
843 3811 995 3886 πλείονός
1020 3837 1049 3874 τε
1073 3810 1270 3895 ηχρόνουί(
1298 3806 1317 3874 ὁ

262 3926 451 4009 Θηραμένης
481 3924 636 4010 διεδρόει.
681 3924 814 4006 Legitur
843 3943 919 3986 sane
954 3923 988 3986 ἐκ
1015 3923 1166 3996 πλείονος
1193 3921 1316 4003 χρόνου

261 4035 345 4096 VIII
371 4035 421 4116 452
446 4037 479 4116 2;
514 4036 570 4098 sed
603 4035 678 4117 quia
706 4035 826 4118 χρόνου
855 4035 887 4097 in
910 4035 1069 4098 Vaticano
1100 4034 1206 4112 abest,
1239 4038 1318 4116 puto

259 4139 478 4232 ¹Thucydidem
501 4147 663 4230 scripsisse
686 4146 721 4210 ἐκ
744 4145 897 4220 πλείονος
918 4153 954 4209 ut
975 4145 1024 4209 IV
1040 4145 1091 4226 42,
1108 4145 1137 4208 3.
1162 4143 1247 4207 VIII
1263 4144 1316 4208 88.
