3038 4760
43 645 85 708 ΤΗ
120 669 145 708 *’
171 645 192 710 Ϊ
219 639 269 748 sit,
293 675 327 731 ut
349 670 546 753 praepositio
570 671 644 752 περί
666 669 767 750 magis
790 668 962 732 fulciretur.
1009 668 1122 751 Neque
1153 668 1282 732 difficile

14 771 18 826 l
59 787 269 860 ¹est
291 781 452 863 suspicari,
483 782 567 843 unde
591 781 800 863 desumpserit
823 782 1047 862 grammaticus
1077 782 1282 860 κοινοῦσθαι,

14 867 62 936 ί
219 907 314 974 quom
350 891 496 954 similiter
529 893 656 972 legatur
690 893 730 954 dc
757 893 859 972 rebus,
894 913 973 974 quas
999 891 1185 955 Alcibiades
1212 911 1282 954 cum
1355 931 1358 938 ·

98 1055 101 1058 .
138 1007 162 1036 ⁸
190 1083 203 1092 Ἣ
219 971 433 1100 ψύούυμύουυο
456 1003 674 1082 communicet,
691 1003 776 1066 VIII
799 1004 847 1083 82,
872 1003 900 1065 3.
926 1009 980 1065 καὶ
1001 1001 1070 1068 άπὸ
1093 1002 1208 1086 ταύτης
1229 1004 1283 1086 τῆς

15 1099 17 1110 ’
190 1173 192 1180 ,
220 1111 387 1198 ἐκκλησίας
409 1111 509 1187 εὐθὺς
531 1111 628 1197 ᾤχετο
652 1112 905 1198 (Ἀλκιβιάδης),
930 1120 984 1176 ἵνα
1007 1112 1046 1198 δὴ
1071 1113 1149 1206 δοκῇ
1171 1115 1282 1178 πάντα

16 1309 17 1318 η
218 1226 285 1306 μετ’
309 1224 434 1287 ἐκείνου
457 1227 663 1288 κοινοῦσθαι.

324 1336 408 1398 VIII
423 1337 473 1416 45,
490 1336 509 1398 3
533 1341 587 1398 καὶ
609 1335 682 1411 τούς
704 1339 915 1421 τριηράρχους
930 1342 984 1400 καὶ
998 1333 1074 1411 τοὺς
1088 1333 1282 1421 στρατηγούς

194 1451 282 1510 ’τῶν
305 1447 434 1523 πόλεων
458 1447 629 1510 ἐδίδασκεν
651 1448 730 1510 ὥστε
754 1448 854 1512 δόντα
875 1449 1022 1533 χρήματα
1042 1444 1143 1511 αὐτὸν
1158 1457 1280 1522 πείσαι,

220 1558 296 1632 dirce
332 1560 534 1646 ξυγχωρῆσαι
567 1561 667 1622 ταῦτα
701 1558 803 1643 ἑαυτῷ
838 1556 926 1642 πλὴν
958 1559 1023 1620 τῶν
1052 1562 1280 1643 Συρακοσίων·

170 1727 183 1736 ,
218 1669 340 1732 τούτοιν
368 1669 403 1732 δὲ
426 1668 855 1756 Ἐρμοκράτηςηναντιούτο
883 1669 985 1749 μόνος
1011 1665 1093 1749 ὑπὲρ
1123 1672 1179 1732 τοῦ
1210 1667 1281 1750 ξύμ-

152 1865 154 1868 .
220 1803 342 1856 παντος
366 1783 579 1864 ξυμμαχικού.
618 1782 685 1844 Vat
707 1783 828 1846 τούτων
851 1781 886 1844 δὲ
903 1780 1117 1864 Ἑρμοκράτης
1139 1803 1171 1842 τε
1194 1797 1281 1862 στρα-

218 1889 311 1975 τηχύς
334 1893 379 1955 ὢν
401 1889 590 1976 ἠναντιοῦτο
614 1891 695 1974 ὑπὲρ
718 1896 773 1956 τοῦ
797 1890 920 1966 παντὸς
936 1894 1151 1974 ξυμμαχικού.
1175 1890 1281 1952 Valde

218 2003 316 2084 friget
352 2001 524 2086 στρατηγὸς
561 2003 607 2068 dv
643 2005 824 2087 appositum
857 2005 898 2066 ad
926 2003 1153 2088 Ἑρμοκράτης,
1188 2022 1281 2084 quem
1347 2025 1352 2034 ·

220 2114 488 2197 Syracusanorum
522 2113 633 2194 ducem
665 2136 734 2178 esse
762 2117 840 2178 satis
867 2116 981 2178 scimus
1011 2135 1052 2178 ex
1079 2135 1147 2197 cap.
1171 2113 1221 2194 29,
1250 2113 1279 2175 2.

219 2226 312 2289 Ηοοο
335 2227 542 2289 offensionem
565 2247 660 2309 quom
675 2229 818 2307 senserit,
841 2225 981 2290 Stalrlius
997 2233 1030 2289 et
1046 2223 1219 2310 στρατηγὸς
1235 2222 1280 2288 ὤν

76 2395 82 2426 ,
148 2411 149 2420 χ
219 2345 252 2400 et
280 2339 381 2419 μόνος
407 2338 564 2420 recipiens
591 2345 684 2420 putat
709 2337 954 2402 Hermocratem
981 2338 1081 2402 solum
1109 2336 1280 2419 significari

219 2448 457 2530 imperatorem,
491 2450 544 2530 qui
579 2451 765 2514 adversatus
799 2451 849 2513 sit.
896 2451 941 2512 At
971 2450 1068 2513 talem
1098 2469 1222 2512 sensum
1253 2451 1279 2512 si

218 2558 373 2622 voluisset
395 2561 572 2642 exprimere
588 2559 798 2643 Thucydides,
822 2561 885 2623 alia
907 2581 979 2624 usus
1003 2567 1087 2624 esset
1109 2562 1279 2624 verborum
1304 2597 1306 2604 ι

219 2669 479 2734 conformatione.
539 2672 641 2737 Nobis
683 2671 810 2754 quidem
849 2673 977 2736 ridetur
1020 2670 1192 2756 στρατηγὸς
1232 2671 1278 2735 ὢν

218 2782 341 2844 illatum
364 2802 442 2862 esse,
466 2790 500 2868 ut
522 2785 655 2847 liaberet
676 2783 797 2847 τούτοιν
821 2783 903 2845 unde
920 2783 1175 2866 suspenderetur.
1214 2783 1279 2846 Sed

218 2895 299 2956 hanc
337 2893 556 2956 difficultatem
592 2896 831 2976 grammaticam
869 2894 966 2958 solvit
999 2895 1177 2976 Kriigerus,
1216 2895 1277 2977 qui,

218 3025 406 3087 quamquam
429 3005 511 3068 male
535 3005 686 3069 Vaticani
709 3008 899 3090 scripturam
920 3007 1051 3090 reecpit,
1081 3014 1222 3070 attamen
1244 3007 1278 3068 id

217 3138 327 3178 verum
350 3123 510 3179 assecutus
534 3124 590 3197 est,
613 3120 699 3200 quod
721 3121 841 3182 τούτων
856 3119 981 3202 aptavit
997 3138 1036 3180 ex
1054 3115 1276 3201 Ἑρμοκράτης,

218 3247 311 3308 qnam
335 3227 462 3289 dicendi
485 3229 678 3292 brevitatem
702 3229 772 3292 aliis
797 3231 950 3313 exemplis
973 3228 1186 3312 Thucydideis
1208 3247 1278 3310 pos·

218 3358 322 3400 snmus
350 3337 510 3401 illustrare
539 3339 626 3402 velut
652 3341 701 3403 VI
722 3341 750 3420 3,
774 3342 793 3403 2
825 3342 1032 3423 Συρακούσας
1052 3339 1187 3422 Ἀρχίας
1214 3343 1279 3402 τῶν

188 3517 189 3520 ,
211 3447 432 3530 Ἡρακλειδῶν
448 3449 573 3534 ᾤκισεν.
598 3451 646 3513 IV
656 3451 732 3531 38,1
749 3452 916 3534 ξυνῆλθον
930 3450 962 3524 ἒς
974 3450 1091 3530 λόγους
1104 3451 1155 3516 ὅτε
1168 3450 1279 3514 Κλέων

218 3566 272 3623 καὶ
295 3559 428 3623 ἐκείνων
450 3562 595 3644 Σούτριον.
641 3563 784 3626 Probato
807 3564 905 3646 igitur
927 3563 1067 3643 Kriigeri
1089 3569 1277 3642 commento,

218 3693 313 3754 quom
337 3671 510 3756 στρατηγὸς
534 3673 580 3736 σίν
602 3675 794 3756 abjiciamus,
819 3676 858 3738 ad
881 3676 981 3755 μόνος
1001 3675 1215 3756 intellegimus
1238 3693 1278 3735 ex

218 3784 382 3866 superiore
413 3782 583 3847 enunciata
614 3789 806 3870 στρατηγῶν.
853 3787 902 3849 llx
925 3787 973 3850 lus
996 3786 1202 3870 Syracusanis
1225 3785 1277 3848 ad-

218 3897 406 3958 versabatur
430 3894 667 3976 Hermocrates,
689 3915 767 3957 unns
791 3897 912 3960 ducum.

324 4007 372 4070 Vl
394 4007 465 4070 104.
489 4007 585 4090 Vulg.
610 4015 663 4071 καὶ
686 4005 703 4074 ὁ
727 4013 787 4090 μὲν
803 4009 971 4084 Γύλιππος
988 4009 1022 4074 ἐκ
1037 4010 1093 4074 τού
1112 4010 1279 4091 Τάραντος

219 4116 251 4191 ἐς
284 4113 340 4205 τὴν
374 4119 520 4203 Θουρίαν
553 4122 684 4204 πρῶτον
718 4121 998 4208 πριςηίευσάμινος
1031 4121 1111 4188 κατὰ
1139 4119 1196 4210 την
1222 4116 1277 4188 τού
