3038 4760
205 725 310 792 ,τοῦτο
338 719 443 802 abest,
479 715 539 802 οὐχ
567 720 679 806 ἦκιοια
706 721 783 786 ferri
810 743 874 787 non
896 741 1004 806 posse,
1038 743 1109 786 curn
1132 719 1212 788 dv&
1235 718 1281 788 ὦν

218 833 353 914 lougius
370 833 478 912 distet,
501 852 595 914 qnam
618 833 704 915 quod
726 833 794 896 sine
816 836 948 916 negotio
972 829 1151 920 intellegas.

267 991 270 996 ι
324 943 409 1007 VIII
432 943 504 1023 22
528 989 675 1007 .....
700 951 755 1008 καὶ
789 943 861 1020 (διὰ
894 944 946 1030 τὸ)
979 946 1055 1031 μηδ’
1087 944 1282 1011 ὑπολείπειν
1355 1008 1357 1017 Α

219 1055 320 1136 λόγον
336 1052 447 1130 αὐτοῖς
462 1051 506 1130 ὡς
520 1055 560 1118 τό
573 1078 610 1133 γε
626 1053 725 1120 ἐπιὸν
740 1059 840 1140 θέρος
857 1055 1007 1139 ,αὖτοὶ“
1025 1056 1088 1122 otot
1104 1083 1136 1122 τε
1152 1056 1281 1124 ἔσονται

219 1169 467 1250 περιγενέσθαι.
513 1164 681 1229 Classenus
703 1189 782 1231 unus
812 1165 907 1233 adnot
932 1168 1064 1251 recepit,
1092 1171 1142 1232 cui
1165 1189 1280 1253 prono·

219 1279 296 1342 mini
333 1297 443 1364 sensus
480 1296 556 1340 sane
591 1276 691 1351 favet.
746 1279 844 1361 Fugit
880 1279 985 1343 socios
1017 1279 1088 1342 fieri
1120 1298 1214 1362 posse
1245 1285 1282 1342 ut

218 1390 433 1454 Athenienses
454 1388 516 1471 ipsi
539 1387 573 1450 id
595 1395 645 1450 est
666 1389 735 1453 sine
759 1391 854 1454 sociis
869 1392 1050 1475 superiores
1066 1390 1279 1454 discederent.

325 1501 409 1564 VIII
430 1499 482 1580 48,
507 1500 523 1562 1
547 1505 601 1560 καὶ
625 1498 760 1586 ἐκινήθη
782 1503 942 1584 πρότερον
963 1503 999 1566 ἐν
1014 1506 1056 1589 ιῷ
1073 1501 1282 1589 στρατοπέδῳ

219 1618 313 1680 τοῦτο
337 1618 390 1676 καὶ
414 1611 447 1686 ἐς
469 1609 525 1695 τὴν
548 1609 651 1675 πόλιν
672 1612 807 1695 ὕστερον
831 1611 1008 1698 ,ἦλθεν.“
1041 1612 1154 1697 Poppo
1177 1613 1280 1676 reciso

219 1725 323 1810 ἦλθεν
348 1723 442 1806 ponit
465 1722 602 1806 ἐκινήθη
624 1725 836 1806 repetendum
868 1743 937 1787 esse
969 1723 1011 1786 ad
1036 1723 1069 1798 ἐς
1090 1722 1147 1809 τὴν
1168 1724 1280 1800 πόλιν,

218 1857 281 1920 quo
304 1835 390 1898 facto
415 1833 584 1896 durissima
606 1834 709 1896 oritur
731 1839 906 1898 structura.

323 1946 390 2009 VII
401 1945 451 2026 57,
468 1945 488 2008 9
504 1945 543 2006 In
559 1945 693 2026 vulgata
709 1945 876 2028 scriptura,
892 1945 926 2010 in
941 1965 1005 2028 qua
1020 1943 1164 2029 ὠφελίας
1180 1946 1281 2028 deest,

219 2059 286 2122 hiat
305 2058 419 2137 oratic,
442 2056 502 2119 nisi
523 2057 594 2138 quis
610 2076 680 2119 curn
696 2056 845 2119 Haackio
861 2057 971 2139 inepte
988 2055 1110 2140 ἔχθρας
1126 2057 1223 2120 etiarn
1239 2057 1282 2120 ad

222 2171 306 2244 ἰδίας
327 2168 436 2248 refert,
459 2188 649 2250 quamquam
673 2167 779 2250 ἔχθρα
802 2167 871 2230 ἰδία
886 2167 1014 2230 minime
1030 2175 1087 2249 est,
1103 2189 1198 2250 quam
1213 2169 1283 2233 vult

221 2280 392 2361 Haackius,
409 2279 570 2342 discordia
585 2279 700 2341 civium
716 2277 878 2359 intestine,
895 2279 952 2341 sed
967 2279 1130 2342 discordia
1144 2280 1282 2363 privata.

324 2389 400 2454 Alia
433 2390 655 2453 additamenta
687 2389 848 2470 nonnulla,
881 2409 1015 2471 quorum
1045 2391 1166 2454 veritas
1197 2391 1283 2454 omni

222 2503 422 2566 dubitatione
449 2509 600 2584 exempta
627 2480 684 2583 est,
716 2503 795 2564 satis
824 2501 977 2566 habemus
1008 2522 1210 2565 enumerare:
1233 2501 1284 2564 VI

223 2614 273 2692 98,
297 2615 312 2676 1
338 2609 455 2698 ἱππῆς,
479 2613 545 2676 VII
568 2614 596 2695 8,
619 2614 639 2676 3
661 2613 804 2697 μᾶλλον,
827 2613 913 2676 VIII
933 2614 985 2694 46,
1007 2613 1028 2676 5
1053 2613 1282 2697 ξυνεπολὲμει,

222 2724 288 2786 VII
310 2723 350 2788 85
375 2725 583 2807 προςβολαῖς.

326 2835 424 2898 Haud
451 2836 549 2917 longa
577 2835 796 2919 disputatione
825 2855 905 2918 opus
926 2841 976 2898 est
997 2835 1196 2899 recensituro
1214 2834 1283 2916 jam

220 2945 297 3008 mihi
324 2966 364 3008 ea
390 2947 498 3028 verba,
526 2968 607 3029 quae
630 2947 746 3010 ceteris
770 2946 934 3009 codicibus
957 2947 1170 3027 continentur,
1193 2946 1283 3010 Vati-

221 3077 300 3120 cano
323 3077 387 3120 non
411 3059 624 3122 continentur.
670 3057 916 3120 Proficiscanrur
939 3059 979 3121 ab
995 3058 1051 3120 illa
1066 3057 1198 3138 incuria,
1221 3079 1284 3140 qua

220 3189 291 3232 curn
317 3168 505 3232 liberiorurn
536 3169 619 3232 oculi
648 3169 690 3232 ad
716 3170 849 3232 verbum
872 3169 955 3232 infra
977 3169 1150 3252 repetitum
1171 3169 1283 3232 transi-

220 3280 348 3360 luerint,
378 3301 492 3344 manca
517 3279 604 3344 sacta
630 3282 673 3344 sit
698 3281 731 3342 in
753 3281 914 3344 Vaticano
938 3280 1054 3343 oratio.
1099 3280 1239 3360 V1151,
1263 3280 1283 3342 2

220 3394 286 3456 τῶν
320 3389 468 3457 ὁπλιτῶν
499 3398 564 3456 καὶ
597 3397 673 3457 τῶν
707 3391 863 3456 ἱππέων
892 3393 991 3454 καιοὶ
1020 3413 1128 3465 τινας
1156 3391 1284 3475 πύλας

221 3500 564 3586 ἀπολαμβάνουσι
600 3528 637 3567 τε
673 3506 753 3568 τῶν
791 3500 947 3569 ὁπλιτῶν.
978 3499 1157 3566 ...VIII
1193 3500 1226 3580 9,
1263 3500 1283 3562 2

220 3619 275 3676 καὶ
301 3618 538 3698 πέμψαντες
564 3617 634 3678 ἕνα
660 3618 735 3679 τῶν
761 3611 1284 3698 οιρατηγῶν.Ἀριστοιιροι’τη

222 3723 442 3809 ἕπητιῶνιο
466 3722 603 3800 αι’·ιοὺς
628 3726 860 3790 nat....vl11
883 3727 933 3807 37,
957 3726 976 3789 2
999 3722 1284 3806 Λακεδαιμονίους

220 3836 312 3920 μήτε
326 3835 414 3911 τοὺς
431 3837 659 3920 ξομμοῖχοος
674 3838 1045 3922 τῶνΛακεδαιμονίιον.
1057 3885 1064 3900 .
1076 3832 1283 3913 .V111106‚3

222 3946 280 4011 δύο
310 3952 373 4011 καὶ
395 3951 595 4023 Βοιωτίας
617 3948 688 4014 δύο.
714 3998 721 4012 .
746 3998 752 4010 .
776 3999 783 4012 .
806 3948 919 4031 Neque
941 3949 1043 4012 minus
1066 3951 1201 4028 apparet
1223 3945 1283 4008 sin·

219 4058 295 4140 gula
330 4059 431 4122 verba
463 4059 497 4122 in
529 4059 690 4123 Vaticano
725 4060 926 4124 intercidisse
958 4059 1043 4122 VIII
1076 4057 1118 4120 70
1151 4057 1282 4142 κράτος,

218 4169 304 4232 VIII
331 4170 371 4233 27
401 4168 545 4258 ἀνάγκῃ,
580 4171 647 4234 VII
673 4171 695 4234 4
724 4175 759 4264 τῇ
785 4171 822 4236 ἓν
847 4175 890 4261 τῷ
914 4171 986 4255 alia,
1020 4169 1135 4254 quibus
1159 4169 1283 4234 omissis

1141 4290 1176 4344 2¹}
