<?xml version="1.0" encoding="UTF-8"?>
<!DOCTYPE html PUBLIC "-//W3C//DTD XHTML 1.0 Transitional//EN"
    "http://www.w3.org/TR/xhtml1/DTD/xhtml1-transitional.dtd">
<html xmlns="http://www.w3.org/1999/xhtml" xml:lang="en" lang="en">
 <head>
  <title>
</title>
<meta http-equiv="Content-Type" content="text/html;charset=utf-8" />
  <meta name='ocr-system' content='tesseract 3.04.00' />
  <meta name='ocr-capabilities' content='ocr_page ocr_carea ocr_par ocr_line ocrx_word'/>
</head>
<body>
  <div class='ocr_page' id='page_1' title='image "./devaticanicodic00eggegoog_0049.png"; bbox 0 0 3038 4760; ppageno 0'>
   <div class='ocr_carea' id='block_1_1' title="bbox 667 526 838 589">
    <p class='ocr_par' dir='ltr' id='par_1_1' title="bbox 667 526 838 589">
     <span class='ocr_line' id='line_1_1' title="bbox 667 526 838 589; baseline 0 -17"><span class='ocrx_word' id='word_1_1' title='bbox 667 526 838 589; x_wconf 53' lang='grc' dir='ltr'>...4ρὴ</span> 
     </span>
    </p>
   </div>
   <div class='ocr_carea' id='block_1_2' title="bbox 168 711 1284 2691">
    <p class='ocr_par' dir='ltr' id='par_1_2' title="bbox 168 711 1284 1244">
     <span class='ocr_line' id='line_1_2' title="bbox 330 711 1282 798; baseline 0.002 -22"><span class='ocrx_word' id='word_1_2' title='bbox 330 715 413 776; x_wconf 86' lang='lat' dir='ltr'>VIII</span> <span class='ocrx_word' id='word_1_3' title='bbox 432 714 497 794; x_wconf 67' lang='lat' dir='ltr'>lo,</span> <span class='ocrx_word' id='word_1_4' title='bbox 534 716 549 778; x_wconf 90' lang='grc'><strong>1</strong></span> <span class='ocrx_word' id='word_1_5' title='bbox 589 711 645 780; x_wconf 82' lang='grc' dir='ltr'><em>τὸν</em></span> <span class='ocrx_word' id='word_1_6' title='bbox 678 712 864 796; x_wconf 64' lang='grc' dir='ltr'><em>ῗΑστδοχον</em></span> <span class='ocrx_word' id='word_1_7' title='bbox 903 717 1086 798; x_wconf 71' lang='grc' dir='ltr'><em>πέμποντες</em></span> <span class='ocrx_word' id='word_1_8' title='bbox 1123 713 1282 794; x_wconf 77' lang='grc' dir='ltr'>ἀγγέλους</span> 
     </span>
     <span class='ocr_line' id='line_1_3' title="bbox 168 805 1284 912; baseline 0 -24"><span class='ocrx_word' id='word_1_9' title='bbox 168 805 169 812; x_wconf 23' lang='lat'>¹</span> <span class='ocrx_word' id='word_1_10' title='bbox 225 823 337 909; x_wconf 80' lang='grc' dir='ltr'><em>ἧξίοον</em></span> <span class='ocrx_word' id='word_1_11' title='bbox 360 829 448 909; x_wconf 38' lang='grc' dir='ltr'><em>σανίσι</em></span> <span class='ocrx_word' id='word_1_12' title='bbox 472 824 761 909; x_wconf 77' lang='grc' dir='ltr'><strong><em>πολιορκουμένοις</em></strong></span> <span class='ocrx_word' id='word_1_13' title='bbox 776 828 951 912; x_wconf 67' lang='grc' dir='ltr'><em>βοηθῆσαι.</em></span> <span class='ocrx_word' id='word_1_14' title='bbox 987 826 1138 890; x_wconf 78' lang='lat' dir='ltr'>Classeno</span> <span class='ocrx_word' id='word_1_15' title='bbox 1157 827 1284 890; x_wconf 86' lang='lat' dir='ltr'>videtur</span> 
     </span>
     <span class='ocr_line' id='line_1_4' title="bbox 225 937 1283 1021; baseline 0 -21"><span class='ocrx_word' id='word_1_16' title='bbox 225 939 416 1021; x_wconf 77' lang='grc' dir='ltr'><em>πέμψαντες</em></span> <span class='ocrx_word' id='word_1_17' title='bbox 438 937 508 1020; x_wconf 91' lang='lat' dir='ltr'>plus</span> <span class='ocrx_word' id='word_1_18' title='bbox 534 937 687 1020; x_wconf 89' lang='lat' dir='ltr'>ponderis</span> <span class='ocrx_word' id='word_1_19' title='bbox 709 939 828 1000; x_wconf 87' lang='lat' dir='ltr'>habere</span> <span class='ocrx_word' id='word_1_20' title='bbox 851 959 945 1020; x_wconf 77' lang='lat' dir='ltr'>quoni</span> <span class='ocrx_word' id='word_1_21' title='bbox 968 945 1075 1002; x_wconf 89' lang='lat' dir='ltr'>tamen</span> <span class='ocrx_word' id='word_1_22' title='bbox 1096 959 1147 1002; x_wconf 89' lang='lat' dir='ltr'>res</span> <span class='ocrx_word' id='word_1_23' title='bbox 1170 945 1283 1002; x_wconf 90' lang='lat' dir='ltr'>contra</span> 
     </span>
     <span class='ocr_line' id='line_1_5' title="bbox 224 1031 1284 1134; baseline 0 -24"><span class='ocrx_word' id='word_1_24' title='bbox 224 1069 258 1111; x_wconf 89' lang='lat' dir='ltr'>se</span> <span class='ocrx_word' id='word_1_25' title='bbox 288 1049 419 1128; x_wconf 82' lang='lat' dir='ltr'>habeat,</span> <span class='ocrx_word' id='word_1_26' title='bbox 453 1055 489 1111; x_wconf 95' lang='lat' dir='ltr'>ut</span> <span class='ocrx_word' id='word_1_27' title='bbox 520 1031 682 1132; x_wconf 85' lang='lat' dir='ltr'>praesenti</span> <span class='ocrx_word' id='word_1_28' title='bbox 715 1056 860 1132; x_wconf 88' lang='lat' dir='ltr'>tempore</span> <span class='ocrx_word' id='word_1_29' title='bbox 895 1051 1030 1134; x_wconf 82' lang='lat' dir='ltr'>iteratae</span> <span class='ocrx_word' id='word_1_30' title='bbox 1064 1043 1284 1132; x_wconf 83' lang='lat' dir='ltr'>significentur</span> 
     </span>
     <span class='ocr_line' id='line_1_6' title="bbox 223 1159 1251 1244; baseline -0.002 -20"><span class='ocrx_word' id='word_1_31' title='bbox 223 1159 489 1242; x_wconf 84' lang='lat' dir='ltr'>legationes,per</span> <span class='ocrx_word' id='word_1_32' title='bbox 510 1179 589 1242; x_wconf 89' lang='lat' dir='ltr'>quas</span> <span class='ocrx_word' id='word_1_33' title='bbox 612 1160 681 1224; x_wconf 81' lang='lat' dir='ltr'>Chii</span> <span class='ocrx_word' id='word_1_34' title='bbox 704 1163 744 1223; x_wconf 92' lang='lat' dir='ltr'>ab</span> <span class='ocrx_word' id='word_1_35' title='bbox 767 1161 931 1244; x_wconf 85' lang='lat' dir='ltr'>Astyocho</span> <span class='ocrx_word' id='word_1_36' title='bbox 955 1161 1104 1224; x_wconf 86' lang='lat' dir='ltr'>auxilinm</span> <span class='ocrx_word' id='word_1_37' title='bbox 1127 1167 1251 1244; x_wconf 89' lang='lat' dir='ltr'>petunt.</span> 
     </span>
    </p>

    <p class='ocr_par' dir='ltr' id='par_1_3' title="bbox 223 1271 1282 1577">
     <span class='ocr_line' id='line_1_7' title="bbox 329 1271 1282 1352; baseline -0.002 -18"><span class='ocrx_word' id='word_1_38' title='bbox 329 1271 555 1334; x_wconf 85' lang='lat' dir='ltr'>Difficillimum</span> <span class='ocrx_word' id='word_1_39' title='bbox 571 1279 620 1336; x_wconf 89' lang='lat' dir='ltr'>cst</span> <span class='ocrx_word' id='word_1_40' title='bbox 636 1272 807 1335; x_wconf 80' lang='lat' dir='ltr'>decernere</span> <span class='ocrx_word' id='word_1_41' title='bbox 824 1272 863 1334; x_wconf 91' lang='lat' dir='ltr'>de</span> <span class='ocrx_word' id='word_1_42' title='bbox 875 1275 1045 1346; x_wconf 84' lang='lat' dir='ltr'>verborum</span> <span class='ocrx_word' id='word_1_43' title='bbox 1059 1273 1282 1352; x_wconf 78' lang='lat' dir='ltr'>collocatione,</span> 
     </span>
     <span class='ocr_line' id='line_1_8' title="bbox 223 1381 1281 1466; baseline 0.004 -24"><span class='ocrx_word' id='word_1_44' title='bbox 223 1401 317 1462; x_wconf 88' lang='lat' dir='ltr'>quam</span> <span class='ocrx_word' id='word_1_45' title='bbox 331 1381 507 1446; x_wconf 82' lang='lat' dir='ltr'>Vaticanus</span> <span class='ocrx_word' id='word_1_46' title='bbox 529 1403 587 1466; x_wconf 84' lang='lat' dir='ltr'>per</span> <span class='ocrx_word' id='word_1_47' title='bbox 609 1383 687 1446; x_wconf 87' lang='lat' dir='ltr'>duos</span> <span class='ocrx_word' id='word_1_48' title='bbox 710 1391 869 1447; x_wconf 83' lang='lat' dir='ltr'>extremos</span> <span class='ocrx_word' id='word_1_49' title='bbox 892 1385 991 1448; x_wconf 89' lang='lat' dir='ltr'>libros</span> <span class='ocrx_word' id='word_1_50' title='bbox 1007 1385 1167 1447; x_wconf 88' lang='lat' dir='ltr'>diversam</span> <span class='ocrx_word' id='word_1_51' title='bbox 1182 1384 1281 1446; x_wconf 88' lang='lat' dir='ltr'>habet</span> 
     </span>
     <span class='ocr_line' id='line_1_9' title="bbox 223 1491 1281 1577; baseline 0.003 -22"><span class='ocrx_word' id='word_1_52' title='bbox 223 1491 289 1555; x_wconf 85' lang='lat' dir='ltr'>sere</span> <span class='ocrx_word' id='word_1_53' title='bbox 312 1493 528 1576; x_wconf 85' lang='lat' dir='ltr'>quinquagies.</span> <span class='ocrx_word' id='word_1_54' title='bbox 552 1495 615 1557; x_wconf 90' lang='lat' dir='ltr'>Vel</span> <span class='ocrx_word' id='word_1_55' title='bbox 636 1495 728 1556; x_wconf 91' lang='lat' dir='ltr'>inviti</span> <span class='ocrx_word' id='word_1_56' title='bbox 750 1496 893 1577; x_wconf 87' lang='lat' dir='ltr'>cogimur</span> <span class='ocrx_word' id='word_1_57' title='bbox 908 1517 977 1559; x_wconf 84' lang='lat' dir='ltr'>cunr</span> <span class='ocrx_word' id='word_1_58' title='bbox 989 1496 1148 1559; x_wconf 86' lang='lat' dir='ltr'>Vaticano</span> <span class='ocrx_word' id='word_1_59' title='bbox 1165 1495 1281 1558; x_wconf 86' lang='lat' dir='ltr'>facere.</span> 
     </span>
    </p>

    <p class='ocr_par' dir='ltr' id='par_1_4' title="bbox 185 1605 1284 2561">
     <span class='ocr_line' id='line_1_10' title="bbox 329 1605 1281 1690; baseline 0.002 -24"><span class='ocrx_word' id='word_1_60' title='bbox 329 1605 510 1685; x_wconf 79' lang='lat' dir='ltr'>V1113‚2</span> <span class='ocrx_word' id='word_1_61' title='bbox 543 1609 608 1670; x_wconf 90' lang='grc' dir='ltr'><em>τῶν</em></span> <span class='ocrx_word' id='word_1_62' title='bbox 642 1611 769 1670; x_wconf 77' lang='grc' dir='ltr'><em>ναυτῶν</em></span> <span class='ocrx_word' id='word_1_63' title='bbox 799 1610 863 1670; x_wconf 91' lang='grc' dir='ltr'><em>τῶν</em></span> <span class='ocrx_word' id='word_1_64' title='bbox 889 1613 950 1687; x_wconf 72' lang='grc' dir='ltr'>μὲν</span> <span class='ocrx_word' id='word_1_65' title='bbox 974 1605 1029 1670; x_wconf 79' lang='grc' dir='ltr'>διὰ</span> <span class='ocrx_word' id='word_1_66' title='bbox 1053 1605 1281 1690; x_wconf 76' lang='grc' dir='ltr'><em>ιρρογανισμδν</em></span> 
     </span>
     <span class='ocr_line' id='line_1_11' title="bbox 224 1714 1283 1802; baseline 0.002 -24"><span class='ocrx_word' id='word_1_67' title='bbox 224 1721 277 1780; x_wconf 85' lang='grc' dir='ltr'><em>καὶ</em></span> <span class='ocrx_word' id='word_1_68' title='bbox 300 1714 454 1802; x_wconf 78' lang='grc' dir='ltr'><em>ἁρπαγὴν</em></span> <span class='ocrx_word' id='word_1_69' title='bbox 476 1717 606 1801; x_wconf 81' lang='grc' dir='ltr'><em>μακρὰν</em></span> <span class='ocrx_word' id='word_1_70' title='bbox 628 1725 681 1782; x_wconf 81' lang='grc' dir='ltr'><em>καὶ</em></span> <span class='ocrx_word' id='word_1_71' title='bbox 702 1717 836 1800; x_wconf 76' lang='grc' dir='ltr'><em>ὑδρείαν</em></span> <span class='ocrx_word' id='word_1_72' title='bbox 858 1717 924 1784; x_wconf 79' lang='grc' dir='ltr'>ὑπὸ</span> <span class='ocrx_word' id='word_1_73' title='bbox 947 1722 1011 1782; x_wconf 92' lang='grc' dir='ltr'><em>τῶν</em></span> <span class='ocrx_word' id='word_1_74' title='bbox 1034 1716 1166 1781; x_wconf 77' lang='grc' dir='ltr'><em>ἱππέων</em></span> <span class='ocrx_word' id='word_1_75' title='bbox 1182 1716 1283 1782; x_wconf 77' lang='grc' dir='ltr'><em>ἀπολ-</em></span> 
     </span>
     <span class='ocr_line' id='line_1_12' title="bbox 224 1827 1281 1913; baseline 0.002 -23"><span class='ocrx_word' id='word_1_76' title='bbox 224 1829 380 1911; x_wconf 77' lang='grc' dir='ltr'><em>λυμένων.</em></span> <span class='ocrx_word' id='word_1_77' title='bbox 426 1829 517 1894; x_wconf 85' lang='lat' dir='ltr'>Vat.</span> <span class='ocrx_word' id='word_1_78' title='bbox 537 1878 545 1893; x_wconf 87' lang='lat'>.</span> <span class='ocrx_word' id='word_1_79' title='bbox 565 1879 572 1893; x_wconf 93' lang='lat'><strong>.</strong></span> <span class='ocrx_word' id='word_1_80' title='bbox 591 1837 644 1894; x_wconf 81' lang='grc' dir='ltr'><em>καὶ</em></span> <span class='ocrx_word' id='word_1_81' title='bbox 667 1828 801 1913; x_wconf 76' lang='grc' dir='ltr'><em>ὑδρείαν</em></span> <span class='ocrx_word' id='word_1_82' title='bbox 823 1827 964 1912; x_wconf 83' lang='grc' dir='ltr'><em>μακράν.</em></span> <span class='ocrx_word' id='word_1_83' title='bbox 1004 1828 1087 1892; x_wconf 89' lang='lat' dir='ltr'>Utra</span> <span class='ocrx_word' id='word_1_84' title='bbox 1110 1827 1281 1892; x_wconf 82' lang='lat' dir='ltr'>collocatio</span> 
     </span>
     <span class='ocr_line' id='line_1_13' title="bbox 223 1939 1282 2024; baseline 0 -22"><span class='ocrx_word' id='word_1_85' title='bbox 223 1948 313 2003; x_wconf 87' lang='lat' dir='ltr'>recta</span> <span class='ocrx_word' id='word_1_86' title='bbox 343 1941 385 2004; x_wconf 88' lang='lat' dir='ltr'>sit</span> <span class='ocrx_word' id='word_1_87' title='bbox 407 1942 673 2023; x_wconf 75' lang='lat' dir='ltr'>cognoscituros</span> <span class='ocrx_word' id='word_1_88' title='bbox 695 1943 767 2006; x_wconf 93' lang='lat' dir='ltr'>loco</span> <span class='ocrx_word' id='word_1_89' title='bbox 791 1941 856 2002; x_wconf 93' lang='lat' dir='ltr'>VII</span> <span class='ocrx_word' id='word_1_90' title='bbox 878 1940 906 2020; x_wconf 89' lang='grc'>4,</span> <span class='ocrx_word' id='word_1_91' title='bbox 930 1940 949 2002; x_wconf 90' lang='grc'><strong>6</strong></span> <span class='ocrx_word' id='word_1_92' title='bbox 979 1943 1021 2024; x_wconf 81' lang='grc' dir='ltr'><em>τῷ</em></span> <span class='ocrx_word' id='word_1_93' title='bbox 1049 1964 1080 2003; x_wconf 82' lang='grc' dir='ltr'>ιε</span> <span class='ocrx_word' id='word_1_94' title='bbox 1103 1939 1166 2021; x_wconf 74' lang='grc' dir='ltr'>γὰρ</span> <span class='ocrx_word' id='word_1_95' title='bbox 1188 1939 1282 2003; x_wconf 80' lang='grc' dir='ltr'><em>ὕδατι</em></span> 
     </span>
     <span class='ocr_line' id='line_1_14' title="bbox 224 2047 1284 2136; baseline 0.003 -24"><span class='ocrx_word' id='word_1_96' title='bbox 224 2053 353 2136; x_wconf 79' lang='grc' dir='ltr'><em>σπανίῳ</em></span> <span class='ocrx_word' id='word_1_97' title='bbox 385 2052 547 2135; x_wconf 81' lang='grc' dir='ltr'>χρώμενοι</span> <span class='ocrx_word' id='word_1_98' title='bbox 575 2059 628 2115; x_wconf 82' lang='grc' dir='ltr'><em>καὶ</em></span> <span class='ocrx_word' id='word_1_99' title='bbox 658 2050 716 2118; x_wconf 82' lang='grc' dir='ltr'>οὐκ</span> <span class='ocrx_word' id='word_1_100' title='bbox 738 2052 880 2131; x_wconf 71' lang='grc' dir='ltr'>ἐγγύθεν</span> <span class='ocrx_word' id='word_1_101' title='bbox 901 2056 956 2113; x_wconf 84' lang='grc' dir='ltr'><em>καὶ</em></span> <span class='ocrx_word' id='word_1_102' title='bbox 978 2051 1032 2114; x_wconf 77' lang='grc' dir='ltr'>ἐπὶ</span> <span class='ocrx_word' id='word_1_103' title='bbox 1054 2047 1284 2135; x_wconf 67' lang='grc' dir='ltr'><em>ιορογανισμδν</em></span> 
     </span>
     <span class='ocr_line' id='line_1_15' title="bbox 185 2161 1282 2244; baseline 0 -20"><span class='ocrx_word' id='word_1_104' title='bbox 185 2209 192 2224; x_wconf 53' lang='grc' dir='ltr'><strong><em>ι</em></strong></span> <span class='ocrx_word' id='word_1_105' title='bbox 223 2162 293 2244; x_wconf 85' lang='grc' dir='ltr'><em>ἅμα</em></span> <span class='ocrx_word' id='word_1_106' title='bbox 321 2161 421 2227; x_wconf 77' lang='grc' dir='ltr'><em>ὁπότε</em></span> <span class='ocrx_word' id='word_1_107' title='bbox 446 2162 619 2239; x_wconf 65' lang='grc' dir='ltr'><strong><em>ἐξέλθοιεν</em></strong></span> <span class='ocrx_word' id='word_1_108' title='bbox 646 2161 678 2230; x_wconf 75' lang='grc' dir='ltr'>οἱ</span> <span class='ocrx_word' id='word_1_109' title='bbox 703 2166 851 2227; x_wconf 80' lang='grc' dir='ltr'><em>ναῦται.</em></span> <span class='ocrx_word' id='word_1_110' title='bbox 878 2209 885 2224; x_wconf 93' lang='grc'><em>.</em></span> <span class='ocrx_word' id='word_1_111' title='bbox 912 2209 920 2225; x_wconf 96' lang='grc'><strong>.</strong></span> <span class='ocrx_word' id='word_1_112' title='bbox 946 2183 985 2226; x_wconf 88' lang='lat' dir='ltr'>ex</span> <span class='ocrx_word' id='word_1_113' title='bbox 1008 2183 1070 2244; x_wconf 92' lang='lat' dir='ltr'>quo</span> <span class='ocrx_word' id='word_1_114' title='bbox 1093 2162 1165 2226; x_wconf 91' lang='lat' dir='ltr'>loco</span> <span class='ocrx_word' id='word_1_115' title='bbox 1189 2161 1282 2224; x_wconf 87' lang='lat' dir='ltr'>facile</span> 
     </span>
     <span class='ocr_line' id='line_1_16' title="bbox 221 2271 1283 2358; baseline -0.001 -22"><span class='ocrx_word' id='word_1_116' title='bbox 221 2274 356 2358; x_wconf 84' lang='lat' dir='ltr'>colligas</span> <span class='ocrx_word' id='word_1_117' title='bbox 381 2276 511 2358; x_wconf 83' lang='grc' dir='ltr'><em>μακράν</em></span> <span class='ocrx_word' id='word_1_118' title='bbox 534 2275 600 2336; x_wconf 88' lang='lat' dir='ltr'>VII</span> <span class='ocrx_word' id='word_1_119' title='bbox 625 2277 672 2356; x_wconf 86' lang='lat'>13,</span> <span class='ocrx_word' id='word_1_120' title='bbox 696 2275 716 2336; x_wconf 78' lang='lat'>2</span> <span class='ocrx_word' id='word_1_121' title='bbox 745 2295 815 2338; x_wconf 92' lang='lat' dir='ltr'>cum</span> <span class='ocrx_word' id='word_1_122' title='bbox 843 2273 912 2337; x_wconf 93' lang='lat' dir='ltr'>solo</span> <span class='ocrx_word' id='word_1_123' title='bbox 934 2271 1068 2356; x_wconf 77' lang='grc' dir='ltr'><em>ὑδρείαν</em></span> <span class='ocrx_word' id='word_1_124' title='bbox 1085 2273 1283 2356; x_wconf 82' lang='lat' dir='ltr'>jungendum</span> 
     </span>
     <span class='ocr_line' id='line_1_17' title="bbox 224 2385 1284 2468; baseline -0.002 -20"><span class='ocrx_word' id='word_1_125' title='bbox 224 2407 292 2448; x_wconf 89' lang='lat' dir='ltr'>esse</span> <span class='ocrx_word' id='word_1_126' title='bbox 318 2387 351 2448; x_wconf 92' lang='lat' dir='ltr'>id</span> <span class='ocrx_word' id='word_1_127' title='bbox 373 2387 501 2468; x_wconf 86' lang='lat' dir='ltr'>quidem</span> <span class='ocrx_word' id='word_1_128' title='bbox 524 2387 625 2450; x_wconf 88' lang='lat' dir='ltr'>minus</span> <span class='ocrx_word' id='word_1_129' title='bbox 648 2394 747 2465; x_wconf 87' lang='lat' dir='ltr'>recte,</span> <span class='ocrx_word' id='word_1_130' title='bbox 770 2407 842 2448; x_wconf 89' lang='lat' dir='ltr'>nam</span> <span class='ocrx_word' id='word_1_131' title='bbox 864 2385 1006 2468; x_wconf 85' lang='lat' dir='ltr'>pertinet</span> <span class='ocrx_word' id='word_1_132' title='bbox 1028 2386 1069 2448; x_wconf 87' lang='lat' dir='ltr'>ad</span> <span class='ocrx_word' id='word_1_133' title='bbox 1092 2385 1198 2449; x_wconf 87' lang='lat' dir='ltr'>omnia</span> <span class='ocrx_word' id='word_1_134' title='bbox 1221 2385 1284 2448; x_wconf 91' lang='lat' dir='ltr'>tria</span> 
     </span>
     <span class='ocr_line' id='line_1_18' title="bbox 224 2499 432 2561; baseline 0.005 -2"><span class='ocrx_word' id='word_1_135' title='bbox 224 2499 432 2561; x_wconf 84' lang='lat' dir='ltr'>substantiva.</span> 
     </span>
    </p>

    <p class='ocr_par' dir='ltr' id='par_1_5' title="bbox 329 2603 1284 2691">
     <span class='ocr_line' id='line_1_19' title="bbox 329 2603 1284 2691; baseline 0 -19"><span class='ocrx_word' id='word_1_136' title='bbox 329 2610 412 2672; x_wconf 92' lang='lat' dir='ltr'>VIII</span> <span class='ocrx_word' id='word_1_137' title='bbox 428 2610 476 2685; x_wconf 22' lang='grc'>60,</span> <span class='ocrx_word' id='word_1_138' title='bbox 494 2609 514 2672; x_wconf 88' lang='grc'><strong>3</strong></span> <span class='ocrx_word' id='word_1_139' title='bbox 536 2613 573 2672; x_wconf 93' lang='lat' dir='ltr'>In</span> <span class='ocrx_word' id='word_1_140' title='bbox 596 2609 711 2673; x_wconf 88' lang='lat' dir='ltr'>ceteris</span> <span class='ocrx_word' id='word_1_141' title='bbox 733 2603 898 2672; x_wconf 82' lang='lat' dir='ltr'>codicibus</span> <span class='ocrx_word' id='word_1_142' title='bbox 920 2610 1037 2691; x_wconf 84' lang='lat' dir='ltr'>legitur</span> <span class='ocrx_word' id='word_1_143' title='bbox 1060 2614 1114 2673; x_wconf 77' lang='grc' dir='ltr'><em>καὶ</em></span> <span class='ocrx_word' id='word_1_144' title='bbox 1137 2605 1284 2673; x_wconf 78' lang='grc' dir='ltr'><em>εἰκοστὸν</em></span> 
     </span>
    </p>
   </div>
   <div class='ocr_carea' id='block_1_3' title="bbox 224 2719 1284 3358">
    <p class='ocr_par' dir='ltr' id='par_1_6' title="bbox 224 2719 1283 2915">
     <span class='ocr_line' id='line_1_20' title="bbox 224 2719 1282 2808; baseline -0.002 -24"><span class='ocrx_word' id='word_1_145' title='bbox 224 2719 292 2796; x_wconf 84' lang='grc' dir='ltr'><em>ἔτος</em></span> <span class='ocrx_word' id='word_1_146' title='bbox 318 2720 464 2785; x_wconf 79' lang='grc' dir='ltr'>ἐτελεύτα</span> <span class='ocrx_word' id='word_1_147' title='bbox 492 2724 534 2808; x_wconf 83' lang='grc' dir='ltr'><em>τῷ</em></span> <span class='ocrx_word' id='word_1_148' title='bbox 563 2722 693 2806; x_wconf 80' lang='grc' dir='ltr'><em>πολέμῳ</em></span> <span class='ocrx_word' id='word_1_149' title='bbox 722 2719 812 2805; x_wconf 80' lang='grc' dir='ltr'><em>τῶδε,</em></span> <span class='ocrx_word' id='word_1_150' title='bbox 845 2721 1004 2802; x_wconf 91' lang='lat' dir='ltr'>quomodo</span> <span class='ocrx_word' id='word_1_151' title='bbox 1026 2743 1179 2804; x_wconf 89' lang='lat' dir='ltr'>nusquam</span> <span class='ocrx_word' id='word_1_152' title='bbox 1202 2719 1282 2784; x_wconf 85' lang='lat' dir='ltr'>Thu-</span> 
     </span>
     <span class='ocr_line' id='line_1_21' title="bbox 224 2831 1283 2915; baseline -0.002 -19"><span class='ocrx_word' id='word_1_153' title='bbox 224 2832 353 2915; x_wconf 86' lang='lat' dir='ltr'>oydides</span> <span class='ocrx_word' id='word_1_154' title='bbox 376 2833 475 2895; x_wconf 86' lang='lat' dir='ltr'>rerba</span> <span class='ocrx_word' id='word_1_155' title='bbox 496 2831 641 2911; x_wconf 89' lang='lat' dir='ltr'>collocat,</span> <span class='ocrx_word' id='word_1_156' title='bbox 664 2832 935 2914; x_wconf 84' lang='lat' dir='ltr'>quotienscunque</span> <span class='ocrx_word' id='word_1_157' title='bbox 952 2831 991 2894; x_wconf 91' lang='lat' dir='ltr'>de</span> <span class='ocrx_word' id='word_1_158' title='bbox 1008 2835 1083 2896; x_wconf 87' lang='lat' dir='ltr'>anni</span> <span class='ocrx_word' id='word_1_159' title='bbox 1098 2833 1159 2896; x_wconf 94' lang='lat' dir='ltr'>fine</span> <span class='ocrx_word' id='word_1_160' title='bbox 1174 2831 1283 2896; x_wconf 82' lang='lat' dir='ltr'>refert.</span> 
     </span>
    </p>

    <p class='ocr_par' dir='ltr' id='par_1_7' title="bbox 224 2941 1284 3358">
     <span class='ocr_line' id='line_1_22' title="bbox 329 2941 1284 3026; baseline 0 -20"><span class='ocrx_word' id='word_1_161' title='bbox 329 2941 393 3006; x_wconf 87' lang='lat' dir='ltr'>Sed</span> <span class='ocrx_word' id='word_1_162' title='bbox 426 2964 465 3006; x_wconf 91' lang='lat' dir='ltr'>ne</span> <span class='ocrx_word' id='word_1_163' title='bbox 493 2943 576 3007; x_wconf 83' lang='lat' dir='ltr'>sorte</span> <span class='ocrx_word' id='word_1_164' title='bbox 606 2944 717 3008; x_wconf 89' lang='lat' dir='ltr'>credas</span> <span class='ocrx_word' id='word_1_165' title='bbox 742 2941 846 3006; x_wconf 89' lang='lat' dir='ltr'>nullos</span> <span class='ocrx_word' id='word_1_166' title='bbox 873 2943 1008 3006; x_wconf 90' lang='lat' dir='ltr'>inveniri</span> <span class='ocrx_word' id='word_1_167' title='bbox 1036 2944 1137 3019; x_wconf 81' lang='lat' dir='ltr'>locos,</span> <span class='ocrx_word' id='word_1_168' title='bbox 1171 2944 1284 3026; x_wconf 85' lang='lat' dir='ltr'>quibus</span> 
     </span>
     <span class='ocr_line' id='line_1_23' title="bbox 224 3053 1284 3138; baseline 0.004 -24"><span class='ocrx_word' id='word_1_169' title='bbox 224 3053 400 3118; x_wconf 84' lang='lat' dir='ltr'>Vaticanus</span> <span class='ocrx_word' id='word_1_170' title='bbox 434 3057 596 3118; x_wconf 89' lang='lat' dir='ltr'>turbatum</span> <span class='ocrx_word' id='word_1_171' title='bbox 629 3057 799 3119; x_wconf 85' lang='lat' dir='ltr'>verborum</span> <span class='ocrx_word' id='word_1_172' title='bbox 832 3054 976 3118; x_wconf 84' lang='lat' dir='ltr'>ordinem</span> <span class='ocrx_word' id='word_1_173' title='bbox 1008 3055 1137 3135; x_wconf 83' lang='lat' dir='ltr'>habeat,</span> <span class='ocrx_word' id='word_1_174' title='bbox 1177 3062 1284 3138; x_wconf 90' lang='lat' dir='ltr'>potest</span> 
     </span>
     <span class='ocr_line' id='line_1_24' title="bbox 225 3164 1284 3251; baseline -0.002 -23"><span class='ocrx_word' id='word_1_175' title='bbox 225 3165 331 3228; x_wconf 87' lang='lat' dir='ltr'>afferri</span> <span class='ocrx_word' id='word_1_176' title='bbox 364 3167 430 3229; x_wconf 89' lang='lat' dir='ltr'>VII</span> <span class='ocrx_word' id='word_1_177' title='bbox 470 3168 501 3247; x_wconf 84' lang='lat' dir='ltr'>i,</span> <span class='ocrx_word' id='word_1_178' title='bbox 535 3168 555 3230; x_wconf 74' lang='lat'><strong>2</strong></span> <span class='ocrx_word' id='word_1_179' title='bbox 591 3173 645 3230; x_wconf 82' lang='grc' dir='ltr'><em>καὶ</em></span> <span class='ocrx_word' id='word_1_180' title='bbox 682 3167 795 3243; x_wconf 80' lang='grc' dir='ltr'><em>ἔδοξεν</em></span> <span class='ocrx_word' id='word_1_181' title='bbox 831 3164 941 3240; x_wconf 72' lang='grc' dir='ltr'><em>αὐτοῖς</em></span> <span class='ocrx_word' id='word_1_182' title='bbox 977 3166 1034 3230; x_wconf 74' lang='grc' dir='ltr'>ἐπὶ</span> <span class='ocrx_word' id='word_1_183' title='bbox 1071 3170 1124 3251; x_wconf 75' lang='grc' dir='ltr'><em>τῆς</em></span> <span class='ocrx_word' id='word_1_184' title='bbox 1160 3165 1284 3249; x_wconf 77' lang='grc' dir='ltr'><em>’ίμέρας</em></span> 
     </span>
     <span class='ocr_line' id='line_1_25' title="bbox 225 3276 1283 3358; baseline 0 -18"><span class='ocrx_word' id='word_1_185' title='bbox 225 3276 323 3341; x_wconf 74' lang='grc' dir='ltr'><em>πλεῖν</em></span> <span class='ocrx_word' id='word_1_186' title='bbox 364 3278 472 3353; x_wconf 78' lang='grc' dir='ltr'><strong><em>ἄλλοις</em></strong></span> <span class='ocrx_word' id='word_1_187' title='bbox 514 3302 546 3341; x_wconf 82' lang='grc' dir='ltr'><em>τε</em></span> <span class='ocrx_word' id='word_1_188' title='bbox 589 3284 643 3342; x_wconf 76' lang='grc' dir='ltr'><em>καί</em></span> <span class='ocrx_word' id='word_1_189' title='bbox 672 3277 834 3344; x_wconf 82' lang='grc' dir='ltr'>Ἀττικῶν</span> <span class='ocrx_word' id='word_1_190' title='bbox 871 3278 1034 3358; x_wconf 80' lang='grc' dir='ltr'><em>τεσσάρων</em></span> <span class='ocrx_word' id='word_1_191' title='bbox 1072 3281 1154 3340; x_wconf 74' lang='grc' dir='ltr'><em>νεῶν</em></span> <span class='ocrx_word' id='word_1_192' title='bbox 1191 3276 1283 3340; x_wconf 69' lang='grc' dir='ltr'><em>οὔπω</em></span> 
     </span>
    </p>
   </div>
   <div class='ocr_carea' id='block_1_4' title="bbox 226 3389 1285 3476">
    <p class='ocr_par' dir='ltr' id='par_1_8' title="bbox 226 3389 1285 3476">
     <span class='ocr_line' id='line_1_26' title="bbox 226 3389 1285 3476; baseline 0 -24"><span class='ocrx_word' id='word_1_193' title='bbox 226 3392 403 3471; x_wconf 84' lang='grc' dir='ltr'><em>παρουσῶν</em></span> <span class='ocrx_word' id='word_1_194' title='bbox 431 3389 466 3453; x_wconf 80' lang='grc' dir='ltr'>ἐν</span> <span class='ocrx_word' id='word_1_195' title='bbox 496 3393 537 3476; x_wconf 83' lang='grc' dir='ltr'><em>τῷ</em></span> <span class='ocrx_word' id='word_1_196' title='bbox 555 3390 712 3476; x_wconf 75' lang='grc' dir='ltr'>Ρργίρι,ἂς</span> <span class='ocrx_word' id='word_1_197' title='bbox 735 3389 752 3454; x_wconf 86' lang='grc' dir='ltr'>ὁ</span> <span class='ocrx_word' id='word_1_198' title='bbox 777 3393 892 3465; x_wconf 80' lang='grc' dir='ltr'>Νικίας</span> <span class='ocrx_word' id='word_1_199' title='bbox 915 3389 1004 3472; x_wconf 85' lang='grc' dir='ltr'><strong><em>ὅμως</em></strong></span> <span class='ocrx_word' id='word_1_200' title='bbox 1027 3389 1285 3471; x_wconf 70' lang='grc' dir='ltr'><em>πυνθανόμενος</em></span> 
     </span>
    </p>
   </div>
   <div class='ocr_carea' id='block_1_5' title="bbox 225 3496 1386 3585">
    <p class='ocr_par' dir='ltr' id='par_1_9' title="bbox 225 3496 1386 3585">
     <span class='ocr_line' id='line_1_27' title="bbox 225 3496 1386 3585; baseline 0 -22"><span class='ocrx_word' id='word_1_201' title='bbox 225 3496 343 3574; x_wconf 77' lang='grc' dir='ltr'><em>αὐτοὺς</em></span> <span class='ocrx_word' id='word_1_202' title='bbox 365 3500 401 3564; x_wconf 80' lang='grc' dir='ltr'>ἐν</span> <span class='ocrx_word' id='word_1_203' title='bbox 424 3509 566 3585; x_wconf 81' lang='grc' dir='ltr'><em>Λοκροῖς</em></span> <span class='ocrx_word' id='word_1_204' title='bbox 589 3503 674 3565; x_wconf 76' lang='grc' dir='ltr'><em>εἶναι</em></span> <span class='ocrx_word' id='word_1_205' title='bbox 696 3500 895 3566; x_wconf 76' lang='grc' dir='ltr'><em>ἀπέστειλεν.</em></span> <span class='ocrx_word' id='word_1_206' title='bbox 941 3501 1008 3564; x_wconf 88' lang='lat' dir='ltr'>Vat</span> <span class='ocrx_word' id='word_1_207' title='bbox 1030 3499 1285 3582; x_wconf 76' lang='grc' dir='ltr'><em>πυνθανόμενος</em></span> <span class='ocrx_word' id='word_1_208' title='bbox 1383 3523 1386 3528; x_wconf 62' lang='grc'>“</span> 
     </span>
    </p>
   </div>
   <div class='ocr_carea' id='block_1_6' title="bbox 226 3611 1285 4256">
    <p class='ocr_par' dir='ltr' id='par_1_10' title="bbox 226 3611 1285 4256">
     <span class='ocr_line' id='line_1_28' title="bbox 226 3611 1285 3696; baseline -0.001 -21"><span class='ocrx_word' id='word_1_209' title='bbox 226 3611 324 3696; x_wconf 85' lang='grc' dir='ltr'><strong><em>ὅμως.</em></strong></span> <span class='ocrx_word' id='word_1_210' title='bbox 375 3611 410 3676; x_wconf 86' lang='lat' dir='ltr'>si</span> <span class='ocrx_word' id='word_1_211' title='bbox 437 3613 547 3676; x_wconf 88' lang='lat' dir='ltr'>audias</span> <span class='ocrx_word' id='word_1_212' title='bbox 574 3621 699 3677; x_wconf 88' lang='lat' dir='ltr'>ceteros</span> <span class='ocrx_word' id='word_1_213' title='bbox 727 3613 861 3692; x_wconf 90' lang='lat' dir='ltr'>codices,</span> <span class='ocrx_word' id='word_1_214' title='bbox 893 3612 982 3694; x_wconf 80' lang='grc' dir='ltr'><em>ὅμως</em></span> <span class='ocrx_word' id='word_1_215' title='bbox 1009 3612 1128 3695; x_wconf 86' lang='lat' dir='ltr'>optime</span> <span class='ocrx_word' id='word_1_216' title='bbox 1160 3618 1285 3694; x_wconf 87' lang='lat' dir='ltr'>spectat</span> 
     </span>
     <span class='ocr_line' id='line_1_29' title="bbox 226 3722 1284 3806; baseline -0.003 -19"><span class='ocrx_word' id='word_1_217' title='bbox 226 3726 267 3787; x_wconf 85' lang='lat' dir='ltr'>ad</span> <span class='ocrx_word' id='word_1_218' title='bbox 293 3732 448 3789; x_wconf 85' lang='lat' dir='ltr'>mutatum</span> <span class='ocrx_word' id='word_1_219' title='bbox 473 3723 585 3788; x_wconf 87' lang='lat' dir='ltr'>Niciae</span> <span class='ocrx_word' id='word_1_220' title='bbox 613 3726 791 3804; x_wconf 87' lang='lat' dir='ltr'>consilium,</span> <span class='ocrx_word' id='word_1_221' title='bbox 825 3724 878 3806; x_wconf 90' lang='lat' dir='ltr'>qui</span> <span class='ocrx_word' id='word_1_222' title='bbox 901 3723 950 3784; x_wconf 84' lang='lat' dir='ltr'>VI</span> <span class='ocrx_word' id='word_1_223' title='bbox 970 3723 1053 3803; x_wconf 70' lang='lat'>104,</span> <span class='ocrx_word' id='word_1_224' title='bbox 1079 3722 1209 3805; x_wconf 85' lang='lat' dir='ltr'>Gylippi</span> <span class='ocrx_word' id='word_1_225' title='bbox 1233 3722 1284 3784; x_wconf 87' lang='lat' dir='ltr'>ad-</span> 
     </span>
     <span class='ocr_line' id='line_1_30' title="bbox 227 3833 1285 3918; baseline -0.003 -21"><span class='ocrx_word' id='word_1_226' title='bbox 227 3845 354 3900; x_wconf 84' lang='lat' dir='ltr'>ventum</span> <span class='ocrx_word' id='word_1_227' title='bbox 383 3837 582 3918; x_wconf 82' lang='lat' dir='ltr'>neglexerat,</span> <span class='ocrx_word' id='word_1_228' title='bbox 615 3856 697 3898; x_wconf 78' lang='lat' dir='ltr'>niuno</span> <span class='ocrx_word' id='word_1_229' title='bbox 727 3855 803 3898; x_wconf 83' lang='lat' dir='ltr'>uero</span> <span class='ocrx_word' id='word_1_230' title='bbox 835 3856 905 3897; x_wconf 88' lang='lat' dir='ltr'>curn</span> <span class='ocrx_word' id='word_1_231' title='bbox 933 3835 1043 3898; x_wconf 86' lang='lat' dir='ltr'>Locris</span> <span class='ocrx_word' id='word_1_232' title='bbox 1069 3853 1138 3896; x_wconf 89' lang='lat' dir='ltr'>osse</span> <span class='ocrx_word' id='word_1_233' title='bbox 1167 3833 1285 3896; x_wconf 90' lang='lat' dir='ltr'>certior</span> 
     </span>
     <span class='ocr_line' id='line_1_31' title="bbox 226 3943 1284 4029; baseline -0.005 -19"><span class='ocrx_word' id='word_1_234' title='bbox 226 3949 328 4013; x_wconf 87' lang='lat' dir='ltr'>factus</span> <span class='ocrx_word' id='word_1_235' title='bbox 362 3949 488 4011; x_wconf 89' lang='lat' dir='ltr'>obviam</span> <span class='ocrx_word' id='word_1_236' title='bbox 521 3968 619 4010; x_wconf 84' lang='lat' dir='ltr'>naues</span> <span class='ocrx_word' id='word_1_237' title='bbox 653 3948 751 4028; x_wconf 75' lang='lat' dir='ltr'>misit,</span> <span class='ocrx_word' id='word_1_238' title='bbox 786 3948 811 4010; x_wconf 90' lang='lat' dir='ltr'>si</span> <span class='ocrx_word' id='word_1_239' title='bbox 846 3955 959 4010; x_wconf 91' lang='lat' dir='ltr'>contra</span> <span class='ocrx_word' id='word_1_240' title='bbox 993 3947 1080 4029; x_wconf 82' lang='grc' dir='ltr'><strong><em>ὅμως</em></strong></span> <span class='ocrx_word' id='word_1_241' title='bbox 1113 3943 1284 4027; x_wconf 89' lang='lat' dir='ltr'>participio</span> 
     </span>
     <span class='ocr_line' id='line_1_32' title="bbox 227 4054 1284 4145; baseline -0.008 -21"><span class='ocrx_word' id='word_1_242' title='bbox 227 4063 485 4145; x_wconf 69' lang='grc' dir='ltr'><em>πυνθανόμενος</em></span> <span class='ocrx_word' id='word_1_243' title='bbox 510 4059 723 4142; x_wconf 87' lang='lat' dir='ltr'>postponitur,</span> <span class='ocrx_word' id='word_1_244' title='bbox 751 4059 899 4122; x_wconf 88' lang='lat' dir='ltr'>videntur</span> <span class='ocrx_word' id='word_1_245' title='bbox 925 4062 1054 4139; x_wconf 87' lang='lat' dir='ltr'>praeter</span> <span class='ocrx_word' id='word_1_246' title='bbox 1076 4054 1188 4120; x_wconf 85' lang='lat' dir='ltr'>Niciae</span> <span class='ocrx_word' id='word_1_247' title='bbox 1220 4055 1284 4138; x_wconf 92' lang='lat' dir='ltr'>opi·</span> 
     </span>
     <span class='ocr_line' id='line_1_33' title="bbox 226 4165 1284 4256; baseline -0.01 -17"><span class='ocrx_word' id='word_1_248' title='bbox 226 4173 354 4239; x_wconf 88' lang='lat' dir='ltr'>nionem</span> <span class='ocrx_word' id='word_1_249' title='bbox 388 4173 497 4236; x_wconf 84' lang='lat' dir='ltr'>hostes</span> <span class='ocrx_word' id='word_1_250' title='bbox 529 4171 814 4256; x_wconf 88' lang='lat' dir='ltr'>appropinquasse,</span> <span class='ocrx_word' id='word_1_251' title='bbox 849 4168 935 4253; x_wconf 89' lang='lat' dir='ltr'>quod</span> <span class='ocrx_word' id='word_1_252' title='bbox 967 4188 1031 4231; x_wconf 91' lang='lat' dir='ltr'>non</span> <span class='ocrx_word' id='word_1_253' title='bbox 1060 4167 1107 4231; x_wconf 90' lang='lat' dir='ltr'>ita</span> <span class='ocrx_word' id='word_1_254' title='bbox 1133 4175 1203 4230; x_wconf 87' lang='lat' dir='ltr'>erat</span> <span class='ocrx_word' id='word_1_255' title='bbox 1229 4165 1284 4230; x_wconf 85' lang='lat' dir='ltr'>cl.</span> 
     </span>
    </p>
   </div>
   <div class='ocr_carea' id='block_1_7' title="bbox 0 0 1524 4760">
    <p class='ocr_par' dir='ltr' id='par_1_11' title="bbox 0 0 1524 4760">
     <span class='ocr_line' id='line_1_34' title="bbox 0 0 1524 4760; baseline 0 0"><span class='ocrx_word' id='word_1_256' title='bbox 0 0 1524 4760; x_wconf 95' lang='lat' dir='ltr'> </span> 
     </span>
    </p>
   </div>
  </div>
 </body>
</html>
