3038 4760
686 497 861 566 ..30-

247 688 444 776 ἰθάρσησε
480 693 663 776 κρατηθείς.
718 691 847 756 Certum
880 699 931 755 est
961 689 1041 755 illud
1073 711 1190 776 neque,
1223 691 1310 776 qnod

247 804 440 867 vetustiores
461 803 656 885 interpretes
679 811 862 886 posuerunt,
893 803 1022 887 μᾶλλον
1044 805 1180 886 legentis
1202 811 1309 867 mente

247 913 345 995 adjici
372 933 467 998 posse
494 934 598 996 neque
627 917 786 998 θαρσῆσαι
813 919 987 1000 κρατηθείς
1013 917 1167 1000 explicari
1189 915 1310 997 majore

246 1024 363 1090 fiducia
384 1033 506 1107 captus.
539 1025 654 1107 Itaque
670 1025 838 1090 Classcnns
854 1025 996 1090 Stahlins
1018 1028 1037 1113 ἢ
1059 1028 1092 1090 in
1116 1025 1310 1119 ⁴{mutantes

247 1158 288 1200 ex
317 1135 479 1200 Vaticano
513 1145 666 1220 promunt
698 1137 877 1223 ἐθάρσησε,
914 1161 977 1222 qua
1010 1141 1169 1223 scriptma
1199 1159 1310 1203 sensus

247 1247 363 1330 aliquis
390 1247 536 1310 efficitur.
581 1245 646 1309 Sed
673 1247 749 1310 mihi
777 1249 989 1331 suspicionem
1016 1259 1127 1315 moret
1148 1250 1312 1335 ἐθάρσησε

247 1360 344 1442 idque
367 1379 406 1423 eo
427 1359 538 1440 magis,
561 1360 636 1441 quia
660 1358 812 1443 θαῤῥῶν,
841 1361 928 1442 quod
950 1361 1203 1424 additamentum
1226 1361 1311 1424 idem

251 1471 430 1534 Vaticanus
457 1471 600 1552 exhibet,
631 1472 749 1535 indicio
777 1479 827 1534 est
856 1472 889 1534 in
911 1471 1073 1536 Vaticano
1103 1475 1185 1536 hunc
1206 1474 1311 1538 locum

248 1604 267 1646 a
288 1582 496 1666 grammatico
520 1589 678 1646 tentatum
701 1603 781 1648 csse.
815 1583 944 1646 lledela
965 1584 1039 1647 huic
1060 1583 1132 1648 loco
1149 1583 1312 1647 afferenda

248 1702 298 1758 est
320 1714 360 1757 ex
381 1693 574 1757 scholiastae
597 1695 704 1757 verbis
732 1697 904 1780 θαρσήσας
927 1699 987 1758 νῦν
1009 1696 1159 1781 δηλονότι
1181 1695 1313 1779 μᾶλλον

248 1807 268 1890 ἢ
290 1806 451 1888 πρότερον
472 1811 646 1892 κρατηθεὶς
665 1813 720 1870 καὶ
740 1810 897 1892 νικηθείς,
923 1809 1036 1889 quibus
1051 1810 1158 1872 verbis
1174 1807 1313 1891 aspectis

249 1917 439 2000 conjecerim
472 1916 691 2000 Thucydidem
722 1920 887 2002 scripsisse
924 1925 979 1982 καὶ
1015 1919 1086 2003 άμα
1122 1931 1193 1993 ιαΐς
1229 1922 1313 1998 γοῦν

249 2033 315 2094 ναῦ
320 2047 373 2094 σιν
398 2030 584 2114 θαρσήσας,
611 2037 720 2093 cetera
741 2039 847 2094 antu-m
868 2031 977 2111 verba,
1004 2032 1118 2114 quibus
1141 2029 1314 2113 θαρσήσας

250 2140 436 2224 explicatur,
460 2160 529 2204 esse
552 2141 753 2205 scholiastae.

354 2252 421 2314 VII
454 2251 506 2331 57,
538 2254 554 2315 1
582 2301 590 2316 .
616 2301 624 2317 .
650 2301 658 2316 .
684 2301 693 2316 .
730 2251 769 2318 οὗ
805 2251 886 2317 κατὰ
920 2252 1042 2338 δίνηντο
1075 2253 1203 2338 μᾶλλον
1236 2247 1315 2314 οὐδὲ

250 2363 333 2428 κατὰ
357 2365 548 2443 ξυγγένειαν
568 2364 637 2444 μετ’
651 2362 804 2448 ἀλλήλων
820 2365 961 2440 στάντες,
979 2363 1055 2428 ἀλλ’
1070 2363 1114 2440 ὣς
1136 2363 1315 2436 ἑκάστοις

249 2479 304 2560 τῆς
328 2477 499 2555 ξονιοχίας
520 2474 540 2557 ἢ
562 2473 644 2538 κατὰ
666 2473 702 2539 τὸ
726 2478 893 2560 ξυμφέρον
914 2477 933 2562 ἢ
955 2475 1083 2566 ἀνάγκη
1097 2476 1202 2556 ἔσχεν.
1235 2473 1314 2535 Vat.

251 2591 420 2651 ἕκαστον.
467 2584 718 2668 Impersonalem
750 2589 841 2651 verbi
875 2587 963 2668 ἔχειν
995 2608 1085 2650 usum
1118 2607 1138 2647 a
1167 2602 1314 2648 sermone

252 2697 378 2762 Graeco
405 2717 470 2760 non
499 2717 568 2761 esse
598 2698 736 2762 alienum
765 2699 1003 2762 demonstratur
1028 2699 1101 2762 loco
1123 2697 1314 2760 Herodoteo

251 2809 317 2872 VII
342 2809 413 2888 188,
436 2808 456 2871 2
486 2817 541 2872 καὶ
562 2822 645 2874 τοῖσι
669 2811 753 2874 οὕτω
776 2811 842 2890 εἶχε
865 2810 969 2892 ὅρμου
991 2831 1084 2893 quem
1106 2810 1212 2873 locum
1233 2829 1316 2871 com·

252 2921 360 3006 parari
386 2927 478 2983 vetat
499 2920 673 3001 Krligerus,
702 2942 798 3003 quom
826 2921 910 2984 absit
932 2923 973 2984 ab
995 2921 1139 3003 genitivo
1163 2919 1315 2984 articulus

252 3041 287 3096 ct
314 3053 374 3116 pro
409 3032 530 3112 aoristo
560 3031 782 3114 imperfectum
813 3033 949 3113 legatur.
995 3031 1059 3094 Sed
1086 3031 1166 3095 hacc
1189 3033 1251 3094 dno
1274 3030 1315 3094 ad

252 3165 322 3209 cam
349 3166 432 3225 rem,
462 3141 501 3205 de
530 3163 593 3224 qna
620 3163 705 3205 nunc
732 3144 863 3224 agimus,
894 3142 1129 3224 dijudicandam
1152 3141 1230 3204 nihil
1252 3161 1316 3204 mo·

254 3256 352 3319 menti
375 3255 525 3318 videntur
547 3255 622 3317 mihi
644 3255 763 3316 habere
786 3255 904 3338 qnippe
920 3253 1117 3317 existimanti
1132 3272 1195 3314 non
1211 3252 1315 3314 minus

253 3385 327 3429 raro
357 3366 390 3428 in
410 3364 580 3449 personali,
602 3385 697 3446 quam
709 3366 742 3426 in
756 3365 962 3448 impersonali
977 3371 1137 3426 structura
1152 3362 1315 3446 praemitti

253 3477 420 3542 articulum
461 3477 617 3558 genitivo,
659 3477 713 3556 qni
755 3496 795 3536 ex
831 3473 876 3548 ὠς
909 3471 1131 3555 suspendatur.
1190 3475 1315 3556 Itaque,

253 3589 402 3672 quoniam
435 3588 589 3652 rariorem
622 3593 812 3648 structuram
843 3584 1002 3647 veriorem
1027 3581 1207 3665 judicamus
1236 3605 1314 3665 esse,

253 3701 299 3764 sic
332 3699 499 3763 statuimus
532 3699 565 3760 in
591 3697 752 3759 Vaticano
786 3696 1027 3777 grammaticum
1060 3703 1094 3756 et
1126 3699 1255 3760 ἕκαστον
1283 3703 1316 3759 et

253 3813 351 3894 ἔσχον
372 3810 565 3874 substituere
588 3807 735 3886 voluisse,
758 3807 924 3889 reliquisse
947 3812 1052 3868 autem
1075 3827 1133 3888 pcr
1147 3807 1314 3888 neglegen-

254 3925 331 3988 tiam
354 3922 458 4004 ἔσχεν.

359 4037 424 4096 VII
445 4033 496 4114 47,
518 4033 538 4096 3
561 4033 603 4118 τῷ
628 4026 687 4094 οὖν
708 4029 917 4114 Δημοσθένει
938 4022 998 4089 οὖν
1016 4025 1121 4091 ἐδόκει
1138 4025 1183 4090 ἔτι
1197 4031 1314 4112 χρῆναι

253 4149 379 4234 μένειν,
417 4143 490 4210 ἀλλ’
527 4143 613 4228 ἅπερ
649 4145 703 4205 καὶ
741 4140 933 4226 διανοηθεὶς
969 4139 1014 4212 εἰς
1045 4137 1102 4214 τὰς
1131 4135 1315 4214 Ἐπιπολὰς

413 4404 847 4710 ,Ν
