<?xml version="1.0" encoding="UTF-8"?>
<!DOCTYPE html PUBLIC "-//W3C//DTD XHTML 1.0 Transitional//EN"
    "http://www.w3.org/TR/xhtml1/DTD/xhtml1-transitional.dtd">
<html xmlns="http://www.w3.org/1999/xhtml" xml:lang="en" lang="en">
 <head>
  <title>
</title>
<meta http-equiv="Content-Type" content="text/html;charset=utf-8" />
  <meta name='ocr-system' content='tesseract 3.04.00' />
  <meta name='ocr-capabilities' content='ocr_page ocr_carea ocr_par ocr_line ocrx_word'/>
</head>
<body>
  <div class='ocr_page' id='page_1' title='image "./devaticanicodic00eggegoog_0023.png"; bbox 0 0 3038 4760; ppageno 0'>
   <div class='ocr_carea' id='block_1_1' title="bbox 673 483 843 546">
    <p class='ocr_par' dir='ltr' id='par_1_1' title="bbox 673 483 843 546">
     <span class='ocr_line' id='line_1_1' title="bbox 673 483 843 546; baseline 0 -18"><span class='ocrx_word' id='word_1_1' title='bbox 673 483 843 546; x_wconf 61' lang='grc'><strong>-16,</strong></span> 
     </span>
    </p>
   </div>
   <div class='ocr_carea' id='block_1_2' title="bbox 226 667 1298 4216">
    <p class='ocr_par' dir='ltr' id='par_1_2' title="bbox 226 667 1296 1740">
     <span class='ocr_line' id='line_1_2' title="bbox 231 667 1294 756; baseline 0.001 -23"><span class='ocrx_word' id='word_1_2' title='bbox 231 668 438 754; x_wconf 87' lang='lat' dir='ltr'>adscripsisse</span> <span class='ocrx_word' id='word_1_3' title='bbox 473 674 527 734; x_wconf 83' lang='grc' dir='ltr'>καὶ</span> <span class='ocrx_word' id='word_1_4' title='bbox 560 667 696 756; x_wconf 73' lang='grc' dir='ltr'><em>ἀπῆραν</em></span> <span class='ocrx_word' id='word_1_5' title='bbox 724 670 759 734; x_wconf 76' lang='grc' dir='ltr'>ἐκ</span> <span class='ocrx_word' id='word_1_6' title='bbox 786 673 839 752; x_wconf 64' lang='grc' dir='ltr'>τῆς</span> <span class='ocrx_word' id='word_1_7' title='bbox 865 674 1006 754; x_wconf 78' lang='grc' dir='ltr'>Λέσβον,</span> <span class='ocrx_word' id='word_1_8' title='bbox 1036 691 1117 753; x_wconf 88' lang='lat' dir='ltr'>quae</span> <span class='ocrx_word' id='word_1_9' title='bbox 1140 671 1240 736; x_wconf 84' lang='lat' dir='ltr'>verba</span> <span class='ocrx_word' id='word_1_10' title='bbox 1260 670 1294 734; x_wconf 93' lang='lat' dir='ltr'>in</span> 
     </span>
     <span class='ocr_line' id='line_1_3' title="bbox 226 781 1293 865; baseline -0.002 -18"><span class='ocrx_word' id='word_1_11' title='bbox 226 790 371 847; x_wconf 89' lang='lat' dir='ltr'>nostrum</span> <span class='ocrx_word' id='word_1_12' title='bbox 403 782 508 846; x_wconf 89' lang='lat' dir='ltr'>locum</span> <span class='ocrx_word' id='word_1_13' title='bbox 541 783 738 865; x_wconf 78' lang='lat' dir='ltr'>irrepserint.</span> <span class='ocrx_word' id='word_1_14' title='bbox 795 781 859 846; x_wconf 89' lang='lat' dir='ltr'>Sed</span> <span class='ocrx_word' id='word_1_15' title='bbox 895 783 1100 864; x_wconf 81' lang='lat' dir='ltr'>offensIones,</span> <span class='ocrx_word' id='word_1_16' title='bbox 1138 804 1216 865; x_wconf 89' lang='lat' dir='ltr'>quas</span> <span class='ocrx_word' id='word_1_17' title='bbox 1254 804 1293 846; x_wconf 91' lang='lat' dir='ltr'>ex</span> 
     </span>
     <span class='ocr_line' id='line_1_4' title="bbox 229 893 1293 978; baseline -0.003 -19"><span class='ocrx_word' id='word_1_18' title='bbox 229 895 263 959; x_wconf 77' lang='grc' dir='ltr'>ἐκ</span> <span class='ocrx_word' id='word_1_19' title='bbox 286 897 340 978; x_wconf 76' lang='grc' dir='ltr'>τῆς</span> <span class='ocrx_word' id='word_1_20' title='bbox 363 897 496 975; x_wconf 73' lang='grc' dir='ltr'><em>Λέσβον</em></span> <span class='ocrx_word' id='word_1_21' title='bbox 518 893 613 977; x_wconf 84' lang='lat' dir='ltr'>capit,</span> <span class='ocrx_word' id='word_1_22' title='bbox 636 893 747 958; x_wconf 85' lang='lat' dir='ltr'>inanes</span> <span class='ocrx_word' id='word_1_23' title='bbox 771 899 853 958; x_wconf 90' lang='lat' dir='ltr'>sunt.</span> <span class='ocrx_word' id='word_1_24' title='bbox 899 896 951 958; x_wconf 84' lang='lat' dir='ltr'>An</span> <span class='ocrx_word' id='word_1_25' title='bbox 974 914 1051 958; x_wconf 84' lang='lat' dir='ltr'>vero</span> <span class='ocrx_word' id='word_1_26' title='bbox 1076 895 1242 977; x_wconf 88' lang='lat' dir='ltr'>quisquam</span> <span class='ocrx_word' id='word_1_27' title='bbox 1264 895 1293 957; x_wconf 91' lang='lat' dir='ltr'>ei</span> 
     </span>
     <span class='ocr_line' id='line_1_5' title="bbox 228 989 1296 1090; baseline 0 -22"><span class='ocrx_word' id='word_1_28' title='bbox 228 989 410 1068; x_wconf 89' lang='lat' dir='ltr'>consentiat</span> <span class='ocrx_word' id='word_1_29' title='bbox 447 1024 516 1067; x_wconf 90' lang='lat' dir='ltr'>cum</span> <span class='ocrx_word' id='word_1_30' title='bbox 555 1005 670 1069; x_wconf 90' lang='lat' dir='ltr'>ceteris</span> <span class='ocrx_word' id='word_1_31' title='bbox 705 1007 769 1069; x_wconf 92' lang='lat' dir='ltr'>illis</span> <span class='ocrx_word' id='word_1_32' title='bbox 800 1007 910 1070; x_wconf 84' lang='lat' dir='ltr'>insulis</span> <span class='ocrx_word' id='word_1_33' title='bbox 940 1007 1024 1069; x_wconf 91' lang='lat' dir='ltr'>unde</span> <span class='ocrx_word' id='word_1_34' title='bbox 1053 1006 1296 1090; x_wconf 88' lang='lat' dir='ltr'>proficiscantur</span> 
     </span>
     <span class='ocr_line' id='line_1_6' title="bbox 228 1116 1294 1201; baseline 0.003 -22"><span class='ocrx_word' id='word_1_35' title='bbox 228 1117 318 1180; x_wconf 89' lang='lat' dir='ltr'>Leon</span> <span class='ocrx_word' id='word_1_36' title='bbox 351 1123 385 1178; x_wconf 92' lang='lat' dir='ltr'>et</span> <span class='ocrx_word' id='word_1_37' title='bbox 411 1116 591 1180; x_wconf 86' lang='lat' dir='ltr'>Diomedon</span> <span class='ocrx_word' id='word_1_38' title='bbox 624 1137 689 1181; x_wconf 90' lang='lat' dir='ltr'>non</span> <span class='ocrx_word' id='word_1_39' title='bbox 723 1117 815 1181; x_wconf 88' lang='lat' dir='ltr'>simul</span> <span class='ocrx_word' id='word_1_40' title='bbox 842 1139 937 1201; x_wconf 90' lang='lat' dir='ltr'>posse</span> <span class='ocrx_word' id='word_1_41' title='bbox 964 1118 1123 1182; x_wconf 90' lang='lat' dir='ltr'>nominari</span> <span class='ocrx_word' id='word_1_42' title='bbox 1149 1118 1294 1199; x_wconf 80' lang='lat' dir='ltr'><strong>Lesbum,</strong></span> 
     </span>
     <span class='ocr_line' id='line_1_7' title="bbox 229 1227 1294 1312; baseline 0 -22"><span class='ocrx_word' id='word_1_43' title='bbox 229 1248 299 1290; x_wconf 89' lang='lat' dir='ltr'>cum</span> <span class='ocrx_word' id='word_1_44' title='bbox 328 1227 548 1308; x_wconf 81' lang='lat' dir='ltr'>magnitudine</span> <span class='ocrx_word' id='word_1_45' title='bbox 571 1229 670 1292; x_wconf 88' lang='lat' dir='ltr'>multo</span> <span class='ocrx_word' id='word_1_46' title='bbox 701 1229 895 1293; x_wconf 79' lang='lat' dir='ltr'>antecellat?</span> <span class='ocrx_word' id='word_1_47' title='bbox 939 1228 1051 1312; x_wconf 88' lang='lat' dir='ltr'>Neque</span> <span class='ocrx_word' id='word_1_48' title='bbox 1080 1249 1157 1294; x_wconf 82' lang='lat' dir='ltr'>vero</span> <span class='ocrx_word' id='word_1_49' title='bbox 1185 1249 1294 1292; x_wconf 86' lang='lat' dir='ltr'>verum</span> 
     </span>
     <span class='ocr_line' id='line_1_8' title="bbox 230 1337 1295 1426; baseline 0.001 -25"><span class='ocrx_word' id='word_1_50' title='bbox 230 1347 279 1402; x_wconf 91' lang='lat' dir='ltr'>est</span> <span class='ocrx_word' id='word_1_51' title='bbox 302 1359 398 1422; x_wconf 86' lang='lat' dir='ltr'>supra</span> <span class='ocrx_word' id='word_1_52' title='bbox 419 1339 528 1402; x_wconf 86' lang='lat' dir='ltr'>verbis</span> <span class='ocrx_word' id='word_1_53' title='bbox 551 1337 610 1414; x_wconf 78' lang='grc' dir='ltr'>τὰς</span> <span class='ocrx_word' id='word_1_54' title='bbox 633 1339 668 1403; x_wconf 78' lang='grc' dir='ltr'>ἐκ</span> <span class='ocrx_word' id='word_1_55' title='bbox 690 1343 744 1426; x_wconf 71' lang='grc' dir='ltr'>τῆς</span> <span class='ocrx_word' id='word_1_56' title='bbox 759 1344 890 1422; x_wconf 79' lang='grc' dir='ltr'><em>Λέσβου</em></span> <span class='ocrx_word' id='word_1_57' title='bbox 913 1342 994 1414; x_wconf 71' lang='grc' dir='ltr'><em>ναῦς</em></span> <span class='ocrx_word' id='word_1_58' title='bbox 1016 1338 1143 1420; x_wconf 77' lang='grc' dir='ltr'><em>ἔχοντες</em></span> <span class='ocrx_word' id='word_1_59' title='bbox 1165 1341 1295 1404; x_wconf 84' lang='lat' dir='ltr'>Atheni-</span> 
     </span>
     <span class='ocr_line' id='line_1_9' title="bbox 230 1439 1295 1530; baseline -0.002 -16"><span class='ocrx_word' id='word_1_60' title='bbox 230 1452 353 1515; x_wconf 84' lang='lat' dir='ltr'>ensium</span> <span class='ocrx_word' id='word_1_61' title='bbox 377 1451 417 1513; x_wconf 87' lang='lat' dir='ltr'>ab</span> <span class='ocrx_word' id='word_1_62' title='bbox 441 1452 544 1515; x_wconf 91' lang='lat' dir='ltr'>insula</span> <span class='ocrx_word' id='word_1_63' title='bbox 566 1452 671 1516; x_wconf 82' lang='lat' dir='ltr'>Lesbo</span> <span class='ocrx_word' id='word_1_64' title='bbox 705 1439 913 1515; x_wconf 89' lang='lat' dir='ltr'>discessum</span> <span class='ocrx_word' id='word_1_65' title='bbox 935 1451 1070 1515; x_wconf 89' lang='lat' dir='ltr'>indicari</span> <span class='ocrx_word' id='word_1_66' title='bbox 1093 1451 1147 1530; x_wconf 87' lang='lat' dir='ltr'>ita,</span> <span class='ocrx_word' id='word_1_67' title='bbox 1170 1457 1205 1512; x_wconf 90' lang='lat' dir='ltr'>ut</span> <span class='ocrx_word' id='word_1_68' title='bbox 1228 1450 1295 1512; x_wconf 91' lang='lat' dir='ltr'>sine</span> 
     </span>
     <span class='ocr_line' id='line_1_10' title="bbox 229 1561 1294 1649; baseline -0.007 -20"><span class='ocrx_word' id='word_1_69' title='bbox 229 1565 366 1630; x_wconf 88' lang='lat' dir='ltr'>molesta</span> <span class='ocrx_word' id='word_1_70' title='bbox 398 1565 592 1646; x_wconf 78' lang='lat' dir='ltr'>repetitione</span> <span class='ocrx_word' id='word_1_71' title='bbox 621 1563 656 1628; x_wconf 77' lang='grc' dir='ltr'>ἐκ</span> <span class='ocrx_word' id='word_1_72' title='bbox 683 1567 737 1649; x_wconf 74' lang='grc' dir='ltr'>τῆς</span> <span class='ocrx_word' id='word_1_73' title='bbox 764 1567 895 1645; x_wconf 74' lang='grc' dir='ltr'><em>Λέσβον</em></span> <span class='ocrx_word' id='word_1_74' title='bbox 922 1569 997 1626; x_wconf 89' lang='lat' dir='ltr'>aute</span> <span class='ocrx_word' id='word_1_75' title='bbox 1022 1561 1208 1646; x_wconf 73' lang='grc' dir='ltr'><em>ὁρμώμενοι</em></span> <span class='ocrx_word' id='word_1_76' title='bbox 1230 1581 1294 1624; x_wconf 92' lang='lat' dir='ltr'>non</span> 
     </span>
     <span class='ocr_line' id='line_1_11' title="bbox 228 1677 415 1740; baseline -0.016 0"><span class='ocrx_word' id='word_1_77' title='bbox 228 1677 415 1740; x_wconf 85' lang='lat' dir='ltr'>retineatur.</span> 
     </span>
    </p>

    <p class='ocr_par' dir='ltr' id='par_1_3' title="bbox 229 1779 1296 2652">
     <span class='ocr_line' id='line_1_12' title="bbox 336 1779 1294 1868; baseline -0.001 -18"><span class='ocrx_word' id='word_1_78' title='bbox 336 1787 420 1850; x_wconf 87' lang='lat' dir='ltr'>VIII</span> <span class='ocrx_word' id='word_1_79' title='bbox 449 1786 542 1868; x_wconf 81' lang='grc'><strong>24,5</strong></span> <span class='ocrx_word' id='word_1_80' title='bbox 576 1790 632 1850; x_wconf 78' lang='grc' dir='ltr'>καί</span> <span class='ocrx_word' id='word_1_81' title='bbox 667 1783 737 1850; x_wconf 72' lang='grc' dir='ltr'>οὐδ’</span> <span class='ocrx_word' id='word_1_82' title='bbox 770 1782 870 1868; x_wconf 64' lang='grc' dir='ltr'><em>αὐτὴν</em></span> <span class='ocrx_word' id='word_1_83' title='bbox 904 1784 960 1868; x_wconf 71' lang='grc' dir='ltr'>τὴν</span> <span class='ocrx_word' id='word_1_84' title='bbox 991 1779 1177 1848; x_wconf 67' lang='grc' dir='ltr'><em>ἀπόστασιν</em></span> <span class='ocrx_word' id='word_1_85' title='bbox 1204 1831 1212 1847; x_wconf 92' lang='grc'><strong>.</strong></span> <span class='ocrx_word' id='word_1_86' title='bbox 1246 1832 1253 1847; x_wconf 93' lang='grc'>.</span> <span class='ocrx_word' id='word_1_87' title='bbox 1288 1836 1294 1849; x_wconf 93' lang='grc'><strong>.</strong></span> 
     </span>
     <span class='ocr_line' id='line_1_13' title="bbox 231 1891 1295 1984; baseline -0.007 -19"><span class='ocrx_word' id='word_1_88' title='bbox 231 1901 392 1984; x_wconf 77' lang='grc' dir='ltr'><em>πρότερον</em></span> <span class='ocrx_word' id='word_1_89' title='bbox 416 1897 596 1982; x_wconf 68' lang='grc' dir='ltr'><em>ἐτόλμησαν</em></span> <span class='ocrx_word' id='word_1_90' title='bbox 619 1899 838 1980; x_wconf 65' lang='grc' dir='ltr'>ποιήσασθαι,</span> <span class='ocrx_word' id='word_1_91' title='bbox 856 1894 874 1978; x_wconf 82' lang='grc' dir='ltr'><em>ἢ</em></span> <span class='ocrx_word' id='word_1_92' title='bbox 889 1893 969 1977; x_wconf 79' lang='grc' dir='ltr'><em>μετὰ</em></span> <span class='ocrx_word' id='word_1_93' title='bbox 987 1895 1120 1960; x_wconf 79' lang='grc' dir='ltr'><em>πολλῶν</em></span> <span class='ocrx_word' id='word_1_94' title='bbox 1135 1891 1295 1974; x_wconf 70' lang='grc' dir='ltr'><em>κάγαθῶν</em></span> 
     </span>
     <span class='ocr_line' id='line_1_14' title="bbox 232 2003 1296 2095; baseline -0.006 -21"><span class='ocrx_word' id='word_1_95' title='bbox 232 2011 419 2095; x_wconf 75' lang='grc' dir='ltr'><em>ξυμμάχων,</em></span> <span class='ocrx_word' id='word_1_96' title='bbox 451 2010 541 2093; x_wconf 70' lang='grc' dir='ltr'>μεθ’</span> <span class='ocrx_word' id='word_1_97' title='bbox 564 2006 614 2072; x_wconf 84' lang='grc' dir='ltr'>ῶν</span> <span class='ocrx_word' id='word_1_98' title='bbox 638 2007 774 2092; x_wconf 79' lang='grc' dir='ltr'><em>ἔμελλον</em></span> <span class='ocrx_word' id='word_1_99' title='bbox 798 2003 1088 2086; x_wconf 69' lang='grc' dir='ltr'>ξυμκινδυνεύοειν.</span> <span class='ocrx_word' id='word_1_100' title='bbox 1135 2005 1195 2082; x_wconf 86' lang='lat' dir='ltr'>Qui</span> <span class='ocrx_word' id='word_1_101' title='bbox 1217 2006 1296 2070; x_wconf 84' lang='lat' dir='ltr'>haec</span> 
     </span>
     <span class='ocr_line' id='line_1_15' title="bbox 229 2116 1296 2206; baseline -0.005 -20"><span class='ocrx_word' id='word_1_102' title='bbox 229 2123 318 2206; x_wconf 89' lang='lat' dir='ltr'>legit,</span> <span class='ocrx_word' id='word_1_103' title='bbox 341 2143 416 2186; x_wconf 90' lang='lat' dir='ltr'>sane</span> <span class='ocrx_word' id='word_1_104' title='bbox 433 2128 608 2204; x_wconf 88' lang='lat' dir='ltr'>exspectat,</span> <span class='ocrx_word' id='word_1_105' title='bbox 626 2128 661 2183; x_wconf 89' lang='lat' dir='ltr'>ut</span> <span class='ocrx_word' id='word_1_106' title='bbox 676 2125 751 2200; x_wconf 92' lang='lat' dir='ltr'>post</span> <span class='ocrx_word' id='word_1_107' title='bbox 767 2116 947 2200; x_wconf 79' lang='grc' dir='ltr'><em>ξυμμάχων</em></span> <span class='ocrx_word' id='word_1_108' title='bbox 963 2116 1185 2199; x_wconf 83' lang='lat' dir='ltr'>distinguatur,</span> <span class='ocrx_word' id='word_1_109' title='bbox 1201 2139 1296 2201; x_wconf 91' lang='lat' dir='ltr'>quom</span> 
     </span>
     <span class='ocr_line' id='line_1_16' title="bbox 232 2230 1295 2318; baseline -0.005 -20"><span class='ocrx_word' id='word_1_110' title='bbox 232 2235 331 2298; x_wconf 81' lang='lat' dir='ltr'>verba</span> <span class='ocrx_word' id='word_1_111' title='bbox 353 2232 433 2318; x_wconf 79' lang='grc' dir='ltr'>μετὰ</span> <span class='ocrx_word' id='word_1_112' title='bbox 456 2233 592 2298; x_wconf 80' lang='grc' dir='ltr'><em>πολλῶν</em></span> <span class='ocrx_word' id='word_1_113' title='bbox 613 2230 776 2312; x_wconf 70' lang='grc' dir='ltr'><em>κάγαθῶν</em></span> <span class='ocrx_word' id='word_1_114' title='bbox 800 2230 979 2312; x_wconf 75' lang='grc' dir='ltr'><em>ξυμμάχων</em></span> <span class='ocrx_word' id='word_1_115' title='bbox 1000 2250 1058 2310; x_wconf 87' lang='lat' dir='ltr'>per</span> <span class='ocrx_word' id='word_1_116' title='bbox 1081 2249 1114 2292; x_wconf 88' lang='lat' dir='ltr'>se</span> <span class='ocrx_word' id='word_1_117' title='bbox 1137 2237 1295 2293; x_wconf 90' lang='lat' dir='ltr'>constent.</span> 
     </span>
     <span class='ocr_line' id='line_1_17' title="bbox 232 2340 1296 2426; baseline -0.004 -18"><span class='ocrx_word' id='word_1_118' title='bbox 232 2346 325 2409; x_wconf 89' lang='lat' dir='ltr'>Hanc</span> <span class='ocrx_word' id='word_1_119' title='bbox 341 2347 613 2426; x_wconf 84' lang='lat' dir='ltr'>exspectationem</span> <span class='ocrx_word' id='word_1_120' title='bbox 630 2351 665 2407; x_wconf 92' lang='lat' dir='ltr'>ut</span> <span class='ocrx_word' id='word_1_121' title='bbox 681 2342 833 2424; x_wconf 85' lang='lat' dir='ltr'>expleret,</span> <span class='ocrx_word' id='word_1_122' title='bbox 850 2340 1041 2404; x_wconf 83' lang='lat' dir='ltr'>crediderim</span> <span class='ocrx_word' id='word_1_123' title='bbox 1056 2343 1296 2421; x_wconf 89' lang='lat' dir='ltr'>grammaticum</span> 
     </span>
     <span class='ocr_line' id='line_1_18' title="bbox 229 2450 1296 2540; baseline -0.007 -18"><span class='ocrx_word' id='word_1_124' title='bbox 229 2450 460 2538; x_wconf 84' lang='lat' dir='ltr'>interposuisse</span> <span class='ocrx_word' id='word_1_125' title='bbox 498 2456 575 2540; x_wconf 68' lang='grc' dir='ltr'>μεθ’</span> <span class='ocrx_word' id='word_1_126' title='bbox 611 2453 670 2531; x_wconf 83' lang='grc' dir='ltr'>ὧν,</span> <span class='ocrx_word' id='word_1_127' title='bbox 706 2475 768 2537; x_wconf 91' lang='lat' dir='ltr'>quo</span> <span class='ocrx_word' id='word_1_128' title='bbox 804 2453 1024 2516; x_wconf 86' lang='lat' dir='ltr'>additamento</span> <span class='ocrx_word' id='word_1_129' title='bbox 1059 2453 1135 2516; x_wconf 91' lang='lat' dir='ltr'>mihi</span> <span class='ocrx_word' id='word_1_130' title='bbox 1169 2453 1296 2535; x_wconf 90' lang='lat' dir='ltr'>quidem</span> 
     </span>
     <span class='ocr_line' id='line_1_19' title="bbox 231 2553 829 2652; baseline -0.01 -18"><span class='ocrx_word' id='word_1_131' title='bbox 231 2553 382 2652; x_wconf 85' lang='lat' dir='ltr'>languide</span> <span class='ocrx_word' id='word_1_132' title='bbox 405 2569 533 2632; x_wconf 90' lang='lat' dir='ltr'>videtur</span> <span class='ocrx_word' id='word_1_133' title='bbox 555 2568 691 2630; x_wconf 87' lang='lat' dir='ltr'>distrahi</span> <span class='ocrx_word' id='word_1_134' title='bbox 715 2567 829 2630; x_wconf 91' lang='lat' dir='ltr'>oratio.</span> 
     </span>
    </p>

    <p class='ocr_par' dir='ltr' id='par_1_4' title="bbox 232 2674 1298 3208">
     <span class='ocr_line' id='line_1_20' title="bbox 338 2674 1297 2762; baseline -0.005 -19"><span class='ocrx_word' id='word_1_135' title='bbox 338 2681 423 2744; x_wconf 86' lang='lat' dir='ltr'>VIII</span> <span class='ocrx_word' id='word_1_136' title='bbox 447 2681 497 2760; x_wconf 73' lang='lat'>32,</span> <span class='ocrx_word' id='word_1_137' title='bbox 524 2681 539 2745; x_wconf 86' lang='grc'>1</span> <span class='ocrx_word' id='word_1_138' title='bbox 564 2681 632 2743; x_wconf 88' lang='lat' dir='ltr'>Vat</span> <span class='ocrx_word' id='word_1_139' title='bbox 654 2684 708 2743; x_wconf 86' lang='grc' dir='ltr'>καὶ</span> <span class='ocrx_word' id='word_1_140' title='bbox 730 2678 974 2762; x_wconf 73' lang='grc' dir='ltr'><em>χειμασθεισῶν</em></span> <span class='ocrx_word' id='word_1_141' title='bbox 996 2681 1060 2738; x_wconf 83' lang='grc' dir='ltr'>καὶ</span> <span class='ocrx_word' id='word_1_142' title='bbox 1083 2674 1297 2761; x_wconf 66' lang='lat' dir='ltr'>nicander-</span> 
     </span>
     <span class='ocr_line' id='line_1_21' title="bbox 234 2787 1297 2874; baseline -0.004 -18"><span class='ocrx_word' id='word_1_143' title='bbox 234 2797 311 2857; x_wconf 88' lang='grc' dir='ltr'>σῶν</span> <span class='ocrx_word' id='word_1_144' title='bbox 337 2797 400 2855; x_wconf 74' lang='grc' dir='ltr'>τῶν</span> <span class='ocrx_word' id='word_1_145' title='bbox 428 2795 521 2867; x_wconf 78' lang='grc' dir='ltr'><em>νεῶν,</em></span> <span class='ocrx_word' id='word_1_146' title='bbox 551 2813 645 2874; x_wconf 89' lang='lat' dir='ltr'>quam</span> <span class='ocrx_word' id='word_1_147' title='bbox 672 2793 860 2870; x_wconf 87' lang='lat' dir='ltr'>scripturam</span> <span class='ocrx_word' id='word_1_148' title='bbox 890 2788 1058 2852; x_wconf 82' lang='lat' dir='ltr'>Classenus</span> <span class='ocrx_word' id='word_1_149' title='bbox 1086 2787 1297 2852; x_wconf 88' lang='lat' dir='ltr'>commendat.</span> 
     </span>
     <span class='ocr_line' id='line_1_22' title="bbox 233 2900 1297 2989; baseline -0.007 -22"><span class='ocrx_word' id='word_1_150' title='bbox 233 2904 297 2968; x_wconf 81' lang='lat' dir='ltr'>Sed</span> <span class='ocrx_word' id='word_1_151' title='bbox 320 2903 396 2967; x_wconf 92' lang='lat' dir='ltr'>mihi</span> <span class='ocrx_word' id='word_1_152' title='bbox 419 2910 472 2966; x_wconf 81' lang='grc' dir='ltr'>καὶ</span> <span class='ocrx_word' id='word_1_153' title='bbox 495 2903 730 2989; x_wconf 67' lang='grc' dir='ltr'><em>πλανηθεισῶν</em></span> <span class='ocrx_word' id='word_1_154' title='bbox 752 2903 877 2964; x_wconf 92' lang='lat' dir='ltr'>inanius</span> <span class='ocrx_word' id='word_1_155' title='bbox 900 2921 967 2964; x_wconf 89' lang='lat' dir='ltr'>esse</span> <span class='ocrx_word' id='word_1_156' title='bbox 990 2900 1125 2980; x_wconf 82' lang='lat' dir='ltr'>videtur,</span> <span class='ocrx_word' id='word_1_157' title='bbox 1149 2920 1242 2980; x_wconf 90' lang='lat' dir='ltr'>qnam</span> <span class='ocrx_word' id='word_1_158' title='bbox 1262 2904 1297 2960; x_wconf 93' lang='lat' dir='ltr'>ut</span> 
     </span>
     <span class='ocr_line' id='line_1_23' title="bbox 232 3009 1298 3098; baseline -0.007 -20"><span class='ocrx_word' id='word_1_159' title='bbox 232 3016 335 3096; x_wconf 90' lang='lat' dir='ltr'>possit</span> <span class='ocrx_word' id='word_1_160' title='bbox 358 3016 454 3078; x_wconf 90' lang='lat' dir='ltr'>tribui</span> <span class='ocrx_word' id='word_1_161' title='bbox 478 3015 666 3098; x_wconf 84' lang='lat' dir='ltr'>Thucydidi.</span> <span class='ocrx_word' id='word_1_162' title='bbox 712 3013 795 3077; x_wconf 89' lang='lat' dir='ltr'>Nam</span> <span class='ocrx_word' id='word_1_163' title='bbox 817 3033 923 3093; x_wconf 90' lang='lat' dir='ltr'>naves,</span> <span class='ocrx_word' id='word_1_164' title='bbox 947 3031 1028 3094; x_wconf 89' lang='lat' dir='ltr'>quae</span> <span class='ocrx_word' id='word_1_165' title='bbox 1056 3009 1205 3091; x_wconf 86' lang='lat' dir='ltr'>procellis</span> <span class='ocrx_word' id='word_1_166' title='bbox 1233 3009 1298 3092; x_wconf 90' lang='lat' dir='ltr'>jac·</span> 
     </span>
     <span class='ocr_line' id='line_1_24' title="bbox 234 3126 1061 3208; baseline -0.006 -19"><span class='ocrx_word' id='word_1_167' title='bbox 234 3134 343 3189; x_wconf 90' lang='lat' dir='ltr'>tantur</span> <span class='ocrx_word' id='word_1_168' title='bbox 366 3127 454 3207; x_wconf 90' lang='lat' dir='ltr'>mari,</span> <span class='ocrx_word' id='word_1_169' title='bbox 477 3127 547 3190; x_wconf 83' lang='lat' dir='ltr'>fieri</span> <span class='ocrx_word' id='word_1_170' title='bbox 570 3147 635 3190; x_wconf 90' lang='lat' dir='ltr'>non</span> <span class='ocrx_word' id='word_1_171' title='bbox 658 3134 774 3206; x_wconf 90' lang='lat' dir='ltr'>potest,</span> <span class='ocrx_word' id='word_1_172' title='bbox 798 3126 873 3208; x_wconf 89' lang='lat' dir='ltr'>quin</span> <span class='ocrx_word' id='word_1_173' title='bbox 895 3129 1061 3206; x_wconf 86' lang='lat' dir='ltr'>vagentur.</span> 
     </span>
    </p>

    <p class='ocr_par' dir='ltr' id='par_1_5' title="bbox 234 3231 1298 4216">
     <span class='ocr_line' id='line_1_25' title="bbox 339 3231 1298 3322; baseline -0.006 -22"><span class='ocrx_word' id='word_1_174' title='bbox 339 3238 422 3300; x_wconf 91' lang='lat' dir='ltr'>VIII</span> <span class='ocrx_word' id='word_1_175' title='bbox 445 3239 496 3319; x_wconf 80' lang='lat'>43,</span> <span class='ocrx_word' id='word_1_176' title='bbox 518 3239 540 3300; x_wconf 79' lang='lat'>4</span> <span class='ocrx_word' id='word_1_177' title='bbox 563 3239 631 3300; x_wconf 91' lang='lat' dir='ltr'>Vat</span> <span class='ocrx_word' id='word_1_178' title='bbox 661 3237 770 3322; x_wconf 78' lang='grc' dir='ltr'><em>ἑτέροις</em></span> <span class='ocrx_word' id='word_1_179' title='bbox 798 3236 858 3301; x_wconf 78' lang='grc' dir='ltr'>οὖν</span> <span class='ocrx_word' id='word_1_180' title='bbox 886 3233 1011 3298; x_wconf 81' lang='grc' dir='ltr'><em>ἐκέλευε</em></span> <span class='ocrx_word' id='word_1_181' title='bbox 1038 3231 1183 3314; x_wconf 76' lang='grc' dir='ltr'><em>βελτίους</em></span> <span class='ocrx_word' id='word_1_182' title='bbox 1205 3234 1298 3295; x_wconf 82' lang='grc' dir='ltr'><em>σπέν-</em></span> 
     </span>
     <span class='ocr_line' id='line_1_26' title="bbox 236 3340 1297 3434; baseline -0.009 -19"><span class='ocrx_word' id='word_1_183' title='bbox 236 3351 353 3415; x_wconf 70' lang='grc' dir='ltr'><strong><em>δεσθαι</em></strong></span> <span class='ocrx_word' id='word_1_184' title='bbox 379 3351 597 3434; x_wconf 71' lang='grc' dir='ltr'><em>ξυνθήκος,</em></span> <span class='ocrx_word' id='word_1_185' title='bbox 627 3349 645 3434; x_wconf 82' lang='grc' dir='ltr'><em>ἢ</em></span> <span class='ocrx_word' id='word_1_186' title='bbox 668 3352 799 3424; x_wconf 72' lang='grc' dir='ltr'><em>τούτοις</em></span> <span class='ocrx_word' id='word_1_187' title='bbox 821 3373 856 3428; x_wconf 76' lang='grc' dir='ltr'>γε</span> <span class='ocrx_word' id='word_1_188' title='bbox 880 3344 918 3412; x_wconf 84' lang='grc' dir='ltr'>οὗ</span> <span class='ocrx_word' id='word_1_189' title='bbox 943 3345 1122 3430; x_wconf 67' lang='grc' dir='ltr'><em>χρήσεσθαι</em></span> <span class='ocrx_word' id='word_1_190' title='bbox 1145 3340 1222 3408; x_wconf 73' lang='grc' dir='ltr'>οὐδὲ</span> <span class='ocrx_word' id='word_1_191' title='bbox 1244 3345 1297 3426; x_wconf 74' lang='grc' dir='ltr'>τῆς</span> 
     </span>
     <span class='ocr_line' id='line_1_27' title="bbox 235 3453 1297 3546; baseline -0.011 -20"><span class='ocrx_word' id='word_1_192' title='bbox 235 3463 356 3546; x_wconf 71' lang='grc' dir='ltr'><em>τροφῆς</em></span> <span class='ocrx_word' id='word_1_193' title='bbox 385 3460 438 3524; x_wconf 79' lang='grc' dir='ltr'>ἐπὶ</span> <span class='ocrx_word' id='word_1_194' title='bbox 465 3463 590 3535; x_wconf 75' lang='grc' dir='ltr'><em>τούτοις</em></span> <span class='ocrx_word' id='word_1_195' title='bbox 619 3461 754 3524; x_wconf 70' lang='grc' dir='ltr'><strong><em>δεῖσθαι</em></strong></span> <span class='ocrx_word' id='word_1_196' title='bbox 787 3457 895 3524; x_wconf 81' lang='grc' dir='ltr'><em>οὐδέν.</em></span> <span class='ocrx_word' id='word_1_197' title='bbox 949 3456 1117 3518; x_wconf 81' lang='lat' dir='ltr'>Classenus</span> <span class='ocrx_word' id='word_1_198' title='bbox 1145 3453 1297 3517; x_wconf 89' lang='lat' dir='ltr'>Vaticani</span> 
     </span>
     <span class='ocr_line' id='line_1_28' title="bbox 234 3565 1297 3654; baseline -0.011 -17"><span class='ocrx_word' id='word_1_199' title='bbox 234 3574 411 3654; x_wconf 88' lang='lat' dir='ltr'>scripturae</span> <span class='ocrx_word' id='word_1_200' title='bbox 442 3574 661 3652; x_wconf 89' lang='lat' dir='ltr'>patrocinatus</span> <span class='ocrx_word' id='word_1_201' title='bbox 690 3571 808 3650; x_wconf 89' lang='lat' dir='ltr'>accipit</span> <span class='ocrx_word' id='word_1_202' title='bbox 840 3570 1009 3654; x_wconf 75' lang='grc' dir='ltr'><em>ξονθήκοις</em></span> <span class='ocrx_word' id='word_1_203' title='bbox 1036 3566 1176 3648; x_wconf 88' lang='lat' dir='ltr'>siugulas</span> <span class='ocrx_word' id='word_1_204' title='bbox 1196 3565 1297 3646; x_wconf 87' lang='lat' dir='ltr'>leges,</span> 
     </span>
     <span class='ocr_line' id='line_1_29' title="bbox 236 3680 1295 3768; baseline -0.008 -21"><span class='ocrx_word' id='word_1_205' title='bbox 236 3706 316 3768; x_wconf 89' lang='lat' dir='ltr'>quae</span> <span class='ocrx_word' id='word_1_206' title='bbox 354 3684 547 3767; x_wconf 90' lang='lat' dir='ltr'>adjiciantur</span> <span class='ocrx_word' id='word_1_207' title='bbox 584 3685 708 3747; x_wconf 89' lang='lat' dir='ltr'>duobus</span> <span class='ocrx_word' id='word_1_208' title='bbox 745 3683 808 3745; x_wconf 89' lang='lat' dir='ltr'>illis</span> <span class='ocrx_word' id='word_1_209' title='bbox 844 3680 1041 3758; x_wconf 83' lang='lat' dir='ltr'>foederibus,</span> <span class='ocrx_word' id='word_1_210' title='bbox 1084 3697 1165 3759; x_wconf 90' lang='lat' dir='ltr'>quae</span> <span class='ocrx_word' id='word_1_211' title='bbox 1202 3697 1295 3756; x_wconf 86' lang='lat' dir='ltr'>supra</span> 
     </span>
     <span class='ocr_line' id='line_1_30' title="bbox 237 3786 1296 3879; baseline -0.013 -18"><span class='ocrx_word' id='word_1_212' title='bbox 237 3798 319 3861; x_wconf 80' lang='lat' dir='ltr'>dixit</span> <span class='ocrx_word' id='word_1_213' title='bbox 346 3796 560 3879; x_wconf 82' lang='lat' dir='ltr'>Thucydides.</span> <span class='ocrx_word' id='word_1_214' title='bbox 613 3793 666 3858; x_wconf 85' lang='lat' dir='ltr'>Sic</span> <span class='ocrx_word' id='word_1_215' title='bbox 694 3795 777 3858; x_wconf 87' lang='lat' dir='ltr'>enim</span> <span class='ocrx_word' id='word_1_216' title='bbox 805 3793 933 3855; x_wconf 87' lang='lat' dir='ltr'>videtur</span> <span class='ocrx_word' id='word_1_217' title='bbox 966 3790 1026 3852; x_wconf 89' lang='lat' dir='ltr'>sibi</span> <span class='ocrx_word' id='word_1_218' title='bbox 1060 3788 1139 3850; x_wconf 91' lang='lat' dir='ltr'>illud</span> <span class='ocrx_word' id='word_1_219' title='bbox 1171 3786 1296 3865; x_wconf 88' lang='lat' dir='ltr'>lucrari,</span> 
     </span>
     <span class='ocr_line' id='line_1_31' title="bbox 236 3900 1297 3983; baseline -0.013 -10"><span class='ocrx_word' id='word_1_220' title='bbox 236 3931 276 3973; x_wconf 93' lang='grc'>116</span> <span class='ocrx_word' id='word_1_221' title='bbox 318 3909 415 3972; x_wconf 89' lang='lat' dir='ltr'>tertia</span> <span class='ocrx_word' id='word_1_222' title='bbox 457 3908 589 3971; x_wconf 87' lang='lat' dir='ltr'>foedera</span> <span class='ocrx_word' id='word_1_223' title='bbox 631 3907 780 3969; x_wconf 85' lang='lat' dir='ltr'>dicantur</span> <span class='ocrx_word' id='word_1_224' title='bbox 822 3906 931 3980; x_wconf 79' lang='grc' dir='ltr'>ἕτερα,</span> <span class='ocrx_word' id='word_1_225' title='bbox 977 3900 1068 3983; x_wconf 90' lang='lat' dir='ltr'>quasi</span> <span class='ocrx_word' id='word_1_226' title='bbox 1109 3919 1187 3961; x_wconf 86' lang='lat' dir='ltr'>vero</span> <span class='ocrx_word' id='word_1_227' title='bbox 1231 3917 1297 3960; x_wconf 90' lang='lat' dir='ltr'>non</span> 
     </span>
     <span class='ocr_line' id='line_1_32' title="bbox 235 4008 1297 4102; baseline -0.013 -17"><span class='ocrx_word' id='word_1_228' title='bbox 235 4021 320 4102; x_wconf 88' lang='lat' dir='ltr'>apud</span> <span class='ocrx_word' id='word_1_229' title='bbox 356 4039 464 4084; x_wconf 92' lang='lat' dir='ltr'>omnes</span> <span class='ocrx_word' id='word_1_230' title='bbox 496 4018 669 4101; x_wconf 88' lang='lat' dir='ltr'>scriptores</span> <span class='ocrx_word' id='word_1_231' title='bbox 698 4019 804 4097; x_wconf 79' lang='grc' dir='ltr'><em>ἕτερος</em></span> <span class='ocrx_word' id='word_1_232' title='bbox 832 4033 927 4094; x_wconf 90' lang='lat' dir='ltr'>saepe</span> <span class='ocrx_word' id='word_1_233' title='bbox 956 4013 1062 4076; x_wconf 88' lang='lat' dir='ltr'>valeat</span> <span class='ocrx_word' id='word_1_234' title='bbox 1090 4031 1148 4091; x_wconf 89' lang='lat' dir='ltr'>pro</span> <span class='ocrx_word' id='word_1_235' title='bbox 1182 4008 1297 4084; x_wconf 56' lang='grc' dir='ltr'><em>ἄλλος</em></span> 
     </span>
     <span class='ocr_line' id='line_1_33' title="bbox 236 4124 1297 4216; baseline -0.014 -18"><span class='ocrx_word' id='word_1_236' title='bbox 236 4155 329 4216; x_wconf 88' lang='lat' dir='ltr'>quam</span> <span class='ocrx_word' id='word_1_237' title='bbox 363 4132 427 4196; x_wconf 85' lang='lat' dir='ltr'>vim</span> <span class='ocrx_word' id='word_1_238' title='bbox 462 4151 501 4194; x_wconf 91' lang='lat' dir='ltr'>uc</span> <span class='ocrx_word' id='word_1_239' title='bbox 535 4131 566 4192; x_wconf 92' lang='lat' dir='ltr'>in</span> <span class='ocrx_word' id='word_1_240' title='bbox 600 4149 656 4192; x_wconf 92' lang='lat' dir='ltr'>sua</span> <span class='ocrx_word' id='word_1_241' title='bbox 690 4127 817 4210; x_wconf 87' lang='lat' dir='ltr'>quidem</span> <span class='ocrx_word' id='word_1_242' title='bbox 849 4124 1063 4206; x_wconf 84' lang='lat' dir='ltr'>explicatione</span> <span class='ocrx_word' id='word_1_243' title='bbox 1097 4143 1162 4186; x_wconf 92' lang='lat' dir='ltr'>non</span> <span class='ocrx_word' id='word_1_244' title='bbox 1189 4127 1297 4216; x_wconf 84' lang='lat' dir='ltr'>potest</span> 
     </span>
    </p>
   </div>
   <div class='ocr_carea' id='block_1_3' title="bbox 0 0 1533 4756">
    <p class='ocr_par' dir='ltr' id='par_1_6' title="bbox 0 0 1533 4756">
     <span class='ocr_line' id='line_1_34' title="bbox 0 0 1533 4756; baseline 0 0"><span class='ocrx_word' id='word_1_245' title='bbox 0 0 1533 4756; x_wconf 95' lang='lat' dir='ltr'> </span> 
     </span>
    </p>
   </div>
  </div>
 </body>
</html>
