3038 4760
692 521 868 586 -39..

352 709 394 770 *Iu
422 709 536 772 ceteris
572 709 734 773 codicibus
761 709 845 772 maie
876 705 943 773 ἀνα
976 711 1173 794 praepositio
1210 711 1310 802 verbo

250 801 392 902 praefixa
414 828 463 883 est
484 821 550 910 VII
574 821 622 899 73,
645 822 664 882 2
687 818 761 896 τοὺς
784 821 812 884 δ’
835 819 1036 908 ἀνθρώπους
1057 821 1130 905 ἄρα
1147 819 1309 904 ἀσμένους

252 929 320 996 α’πδ
339 935 532 1012 ναυμαχίας
559 956 591 994 τε
618 931 759 1017 μεγάλης
789 930 1088 1016 ἆναπεπαυμένους
1105 981 1308 998 ........

253 1039 291 1106 οὐ
326 1043 434 1106 δοκεῖν
467 1043 509 1106 ἂν
541 1041 662 1128 ῥᾳδίοις
693 1044 848 1128 ἐθελῆσαι
884 1043 1080 1109 ὑπακοῦσαι.
1124 1045 1192 1108 Vat
1221 1053 1309 1114 recte
1336 1075 1338 1084 ·

252 1157 491 1234 πεπαυμένοις.
536 1153 619 1217 Nam
642 1152 879 1219 evanuissent
902 1163 951 1218 est
974 1157 1074 1220 otium
1097 1177 1201 1238 agere,
1225 1157 1308 1220 unde

252 1266 406 1348 sequitur,
438 1273 474 1329 ut
504 1265 680 1348 porfectum
708 1265 1007 1348 ἀναπεπαυμένους
1037 1267 1161 1348 dicatur
1191 1269 1231 1332 dc
1262 1261 1333 1349 iis‘

251 1399 384 1460 quorum
414 1377 516 1440 otium
545 1377 667 1441 finitum
695 1385 756 1458 cst,
787 1378 840 1459 qui
871 1396 980 1440 sensus
1008 1379 1048 1440 ab
1077 1378 1232 1444 hocloco
1257 1380 1309 1442 ab·

251 1489 370 1551 horret.

356 1597 420 1661 Sed
443 1597 590 1681 neglecto
615 1600 764 1664 Vaticani
788 1600 971 1664 testimonio
994 1600 1200 1684 praeferimus
1226 1622 1308 1666 ccm-

250 1710 389 1792 positum
411 1712 553 1774 verbum.

311 1827 313 1832 '
355 1821 510 1903 V11178,
539 1821 657 1886 οὔκουν
684 1821 813 1905 ἔφασαν
839 1825 956 1906 χρῆναι
978 1822 1108 1906 μέλλειν
1132 1822 1191 1898 ἔοι,
1222 1821 1307 1888 ἀλλὰ

249 1946 439 2016 ναυμαχεῖν.
486 1933 553 1997 Vat
586 1935 832 2015 διαναυμαχεῖν.
882 1933 966 1996 iliud
1000 1933 1127 2016 quidem
1161 1956 1225 1998 non
1259 1943 1309 2000 est

250 2043 386 2124 dubium,
417 2046 492 2125 quin
525 2046 667 2128 potuerit
699 2045 775 2128 poni
816 2045 1054 2128 διαναυμαχεῖν
1081 2045 1198 2128 quippo
1222 2047 1307 2128 quod

250 2153 380 2217 verbum
403 2175 471 2238 cop.
489 2157 571 2237 tur
598 2157 742 2220 omuibus
765 2143 928 2220 codicibus
951 2156 1154 2220 contineatur
1168 2158 1306 2239 positum

250 2265 289 2328 de
316 2266 429 2329 cadam
452 2267 510 2330 hac
532 2289 647 2350 pugna,
679 2289 771 2350 quam
795 2268 1039 2332 Lacedaemonii
1067 2277 1140 2332 suut
1167 2270 1308 2332 commis·

249 2379 322 2442 suri.
368 2378 441 2442 Janr
464 2387 569 2442 autom
593 2380 621 2441 ei
646 2400 713 2463 cap.
733 2379 782 2460 79,
806 2381 825 2442 2
848 2379 1023 2463 respondet
1047 2379 1307 2445 διακινδυνεύειν

251 2492 389 2570 verbum,
412 2491 465 2553 ubi
488 2491 884 2554 narranturAthenienses
901 2491 981 2553 hanc
997 2512 1134 2574 pugnam
1152 2492 1307 2556 detrecta-

251 2604 342 2666 visse.

354 2713 513 2778 Necnon
540 2713 733 2778 eormeniunt
767 2713 945 2776 sentcntiae
986 2712 1052 2774 VII
1082 2712 1139 2794 32,
1170 2716 1184 2776 1
1231 2736 1307 2797 προ-

251 2828 441 2908 πυθόμενος
472 2825 667 2908 (priusquam
695 2824 831 2887 hostium
860 2824 978 2886 auxilia
1000 2823 1172 2907 Syracusas
1199 2845 1308 2907 pervc-

250 2938 383 3020 uisscnt)
411 2937 477 2999 Vll
505 2937 554 3017 25,
583 2937 604 2998 4
633 2935 830 3017 παρέπλεον,
863 2935 928 2998 VII
951 2936 1001 3016 36,
1025 2938 1044 2998 2
1072 2935 1210 3012 ἐνεῖδον,
1240 2936 1307 2999 VII

251 3051 297 3131 78,
322 3050 583 3137 2Ιέιμεπόμενον,
608 3047 692 3110 VHI
715 3048 742 3125 9,
767 3047 786 3110 2
810 3049 1051 3133 ἐγγιγνομένης.

354 3161 508 3224 Venimus
538 3179 619 3221 nunc
647 3158 688 3220 ad
717 3159 993 3240 recognoscendas
1016 3179 1070 3221 cas
1094 3159 1306 3231 diversitates,
1377 3175 1380 3178 ·

249 3291 330 3354 quac
361 3278 528 3333 versantur
554 3271 586 3332 in
616 3270 823 3353 temporibus,
853 3271 885 3332 iu
913 3292 975 3353 quo
1003 3291 1121 3352 genere
1146 3271 1221 3334 mihi
1245 3292 1308 3334 non

249 3383 376 3446 videtur
412 3382 589 3446 Vaticanus
631 3389 752 3444 tautam
795 3382 888 3444 fidem
930 3389 1111 3465 praestare,
1157 3390 1309 3465 quantam

250 3493 415 3572 Classenc,
447 3514 638 3576 quamquam¹
665 3513 704 3556 ne
734 3513 794 3575 ego
823 3495 951 3576 quidem
978 3515 1107 3576 prorsus
1135 3495 1307 3578 spreverim

251 3606 332 3669 hunc
355 3605 507 3668 codicem.

354 3717 420 3779 VII
442 3716 493 3797 48,
517 3717 536 3779 3
565 3719 618 3778 καί
645 3714 708 3796 γὰρ
736 3713 775 3779 οδ
804 3713 877 3790 τοὺς
904 3713 1021 3791 αὐτοὺς
1054 3720 1255 3801 ψηφιεῖσθαί
1277 3741 1308 3780 τε

251 3833 323 3910 περὶ
356 3830 450 3910 σφῶν
482 3825 590 3890 adcor
623 3833 676 3890 καὶ
710 3827 961 3910 adoptimum
997 3827 1103 3910 ὥςπερ
1134 3833 1187 3890 καὶ
1216 3825 1309 3892 αὐτοὶ

251 3937 395 4020 ὁρῶντας
417 3942 471 4000 καί
493 3936 550 4002 οὐκ
567 3938 677 4002 ἄλλων
693 3938 872 4021 ἐπιτιμήσει
892 3937 1093 4013 ἀκούσανεας
1108 3941 1307 4019 γνώσεσθαι.

250 4050 323 4114 Vat'
344 4048 534 4126 ἀκούονιας.
581 4050 759 4132 Utrumque
791 4056 913 4132 tempus
944 4049 1070 4113 defendi
1100 4056 1220 4131 potest,
1252 4048 1309 4111 scd

252 4153 434 4236 ἀκούοντας
456 4162 695 4226 commendatur
720 4161 813 4224 simili
829 4161 901 4226 loco
918 4161 967 4224 VI
983 4161 1011 4241 6,
1028 4160 1047 4224 3
1070 4157 1116 4224 ὧν
1134 4157 1309 4234 ἀκούοντες
