3038 4760
665 495 834 562 ..35-

216 693 415 772 repugnante
453 705 546 750 sensu
583 707 676 770 quem
713 687 741 750 si
780 665 923 770 sequaris
956 705 995 750 eo
1030 685 1211 768 adduceris
1245 693 1283 780 ut.

218 802 332 892 σοίοιν
370 796 481 880 αὐτοῖς
514 798 616 881 ipsum
650 799 825 862 exercitum
857 798 1005 882 accipias.
1058 799 1096 862 In
1129 794 1282 866 Vaticani

218 915 332 974 contra
368 910 526 993 scriptura
564 909 798 990 difficultatem,
841 930 935 999 quam
972 909 1070 974 sentit
1106 907 1280 992 Kriigerus,

218 1021 346 1086 minime
380 1021 509 1086 facessit
543 1027 597 1084 καὶ
630 1018 738 1084 αὐτῶν
765 1041 827 1102 quo
853 1019 1041 1103 pronomine
1069 1019 1281 1084 Athenienses

217 1134 257 1195 ab
290 1131 405 1196 Samiis
437 1133 538 1214 magis
572 1132 723 1214 distingui
753 1137 842 1195 recte
869 1137 978 1193 monet
1005 1130 1133 1214 Poppo:
1167 1129 1280 1213 Neque

216 1245 324 1307 verbis
348 1265 428 1326 quae
453 1250 629 1326 sequuntur
652 1247 768 1323 καίπερ
785 1242 1034 1316 ἐπαναστάντος
1050 1237 1168 1315 αὐτοὺς
1187 1239 1280 1328 ἄλλο’·

219 1353 296 1428 tave
317 1353 531 1418 labefactatur
553 1354 704 1418 Vaticani
727 1355 885 1438 scriptura
907 1355 1163 1438 προυτρέψοντο
1186 1372 1281 1434 quom

216 1463 341 1527 licuerit
369 1465 549 1549 Thucydidi
584 1467 624 1528 ab
659 1463 733 1541 τοὺς
768 1465 925 1539 δυνατούς
959 1463 1000 1526 ad
1035 1462 1281 1538 ἐπαναστάντος

216 1575 405 1660 ampliorem
428 1575 606 1640 Samiorum
629 1577 793 1640 notionem
814 1583 971 1659 repetere.

324 1687 388 1750 VII
410 1687 460 1767 44,
484 1688 505 1750 4
529 1694 594 1752 οἵτε
611 1685 791 1772 Ἀθηναῖοι
813 1687 976 1772 ἐζήτονντε
992 1689 1079 1770 σφᾶς
1094 1682 1212 1761 αὐτοὺς
1227 1690 1280 1748 καὶ

217 1801 286 1861 πᾶν
325 1794 359 1862 τὸ
403 1781 584 1884 ἐναντίον,ι
605 1804 658 1863 καὶ
696 1799 724 1861 εἰ
758 1799 870 1882 φίλιον
904 1799 954 1884 εἴη
986 1799 1051 1860 τῶν
1083 1796 1143 1882 ἢδη
1175 1797 1280 1862 πάλιν

218 1910 420 1992 φευγόντων,
458 1908 620 1992 πολέμιον
654 1910 813 1994 ἐνόμιζον.
860 1907 940 1970 Vas:
976 1906 1011 1971 τὸ
1046 1905 1082 1982 ἐξ
1116 1906 1277 1982 ἐναντίας.

217 2021 267 2082 Ab
285 2020 370 2084 omni
392 2021 574 2102 suspicione
590 2021 818 2084 vindicaverim
833 2019 984 2082 Vaticani
1001 2018 1197 2101 scripturam,
1219 2037 1278 2100 pro

217 2151 279 2212 qua
301 2131 327 2194 si
361 2131 461 2194 ceteri
485 2131 618 2194 codices
645 2130 696 2197 cdx
715 2130 864 2196 ἐναντίον
886 2131 1036 2221 offerunt,
1068 2135 1174 2192 tamen
1197 2126 1279 2190 facio

217 2263 287 2304 oum
302 2241 463 2306 Vaticano
486 2242 539 2323 qui
566 2244 743 2307 servaverit
757 2244 952 2307 locutionem
967 2239 1162 2324 Thucydidis
1177 2258 1279 2321 paene
1377 2254 1383 2270 ·

215 2352 389 2436 propriaue
419 2373 513 2435 quam
543 2374 637 2417 nemo
665 2376 684 2418 a
710 2353 918 2436 grammatico
937 2353 1068 2420 illatam
1096 2369 1165 2414 esse
1191 2356 1279 2434 puta-

216 2463 310 2526 verit.
355 2463 398 2526 Et
427 2471 534 2526 exstat
563 2465 665 2528 codex
688 2465 817 2546 qnidam
838 2466 996 2549 praebens
1024 2462 1059 2528 τὸ
1084 2463 1277 2540 ἐξενοντίον,

151 2659 154 2665 Ι
218 2595 258 2636 ex
282 2594 343 2656 qua
365 2574 468 2638 forma
490 2575 701 2657 probabiliter
722 2576 898 2658 conjeceris
912 2576 1073 2657 vulgatam
1090 2574 1279 2657 scripturam

217 2684 291 2748 iude
321 2693 429 2748 natam
457 2706 534 2767 csse,
565 2695 601 2749 ut
628 2687 664 2762 ἐξ
690 2693 723 2749 ct
750 2687 900 2764 ἐνανοίας
928 2707 947 2748 a
969 2685 1107 2750 librariis
1129 2685 1162 2746 in
1184 2705 1279 2748 unum

216 2798 349 2860 verbum
371 2805 680 2878 coagmentat-entur.

322 2907 514 2990 VI113‚2
544 2915 599 2972 καὶ
629 2907 730 2973 αὐτοῦ
759 2916 795 2972 ut
823 2909 919 2972 inane
946 2915 995 2972 est
1022 2908 1067 2971 sic
1094 2913 1151 2978 ,καὶ
1173 2904 1276 2982 αὐτοί,

217 3019 258 3082 ad
285 3019 371 3102 quod
398 3040 454 3103 spe
463 3026 530 3083 ctat
557 3021 738 3103 oppositum
765 3021 847 3102 ὑπὲρ
877 3023 971 3104 σφῶν
997 3019 1096 3082 servit
1123 3019 1282 3086 orationis

216 3130 454 3213 perspicuitati;
490 3132 601 3195 similis
631 3151 721 3195 error
748 3138 796 3194 est
822 3131 856 3192 in
882 3131 1012 3212 vulgata
1041 3131 1199 3214 scriptura
1228 3131 1279 3193 de·

216 3248 321 3305 tectus
343 3241 409 3304 VH
431 3241 481 3322 56,
507 3244 522 3304 1
548 3247 624 3324 περὶ
648 3245 704 3306 τοῦ
728 3238 829 3306 αὐτοῦ
853 3241 1034 3324 (Vatrecte
1050 3239 1158 3326 αὐτοί)
1175 3219 1284 3326 codd-²

218 3377 283 3417 ναι.
308 3390 350 3398 -
373 3352 439 3415 VII
464 3352 512 3433 15,
537 3354 553 3414 1
579 3353 605 3416 si
628 3373 693 3416 non
716 3353 755 3416 de
777 3354 970 3417 necessitate
993 3354 1107 3435 agitur,
1137 3359 1278 3416 attamen

217 3464 414 3546 aliquantum
435 3471 581 3547 praestat
604 3457 707 3541 οὗτοί,
732 3487 794 3548 quo
817 3464 1005 3549 pronomine
1027 3472 1158 3548 recepto
1181 3465 1278 3528 Athe·

216 3576 342 3639 nienses
370 3575 526 3658 jubentur
561 3577 622 3659 ipsi
653 3576 723 3659 jam
757 3577 797 3640 de
831 3595 866 3639 re
899 3573 1057 3638 Siciliensi
1091 3577 1277 3657 deliberare,

216 3687 365 3768 quoniam
382 3686 492 3750 Nicias
509 3688 633 3750 consilii
650 3707 766 3771 expers
782 3689 833 3751 sit.
868 3685 952 3749 VIII
968 3687 1018 3768 64,
1034 3686 1054 3750 5
1069 3687 1102 3750 in
1117 3687 1280 3751 Vaticano·

217 3818 279 3860 uno
314 3804 458 3860 servatus
495 3805 545 3861 est
576 3799 750 3862 infinitivus
786 3799 908 3873 δοκεῖν,
947 3799 1035 3880 cujus
1067 3805 1182 3862 natura
1213 3819 1278 3862 non

216 3916 386 3992 perspecta
415 3909 538 3988 librarii
563 3909 654 3974 δοκεῖ
676 3911 881 3994 scripserunt.
925 3911 1009 3974 Vlll
1033 3911 1082 3990 81,
1107 3911 1123 3972 1
1147 3909 1278 3991 vulgata

216 4021 375 4103 scriptura
396 4022 475 4084 haec
499 4027 548 4084 est
571 4019 657 4085 delas
679 4025 732 4108 τῆς
754 4020 854 4086 αὑτοῦ
875 4025 1002 4112 γνώμης
1017 4021 1173 4103 ἐχόμενος
1188 4021 1278 4104 quasi

215 4133 306 4196 unius
322 4132 512 4216 Thrasybuli
534 4133 698 4197 consilinm
721 4134 846 4198 dicatur
868 4127 905 4198 ac
927 4155 992 4198 non
1013 4132 1141 4217 plurimi
1160 4133 1277 4196 milites
1367 4205 1372 4218 Ι

1135 4251 1170 4306 3*
