3038 4760
648 495 821 558 ...27-

207 683 429 765 διαλαρόντας
458 688 587 746 sumunt
602 681 671 766 jam
698 681 916 766 Thucydidem
938 703 1028 747 usum
1051 702 1120 746 esse
1142 683 1268 746 interci-

206 794 314 874 piendi
343 793 586 876 significatione,
617 795 671 878 qui
693 814 766 858 usus
788 793 1003 878 posteriorum
1025 793 1149 857 demum
1172 794 1268 877 scrip·

207 917 322 970 torum.
335 904 489 989 exemplis
510 905 664 969 firmatur.
710 905 856 990 Polyb.l
880 907 934 971 18:
959 903 992 970 ci
1014 911 1181 991 στρατηγοὶ
1203 907 1283 982 τῶν

207 1021 368 1101 Ρωμαίων
394 1015 434 1081 τὰ
460 1013 582 1100 μεταξὺ
612 1019 676 1081 τῶν
704 1019 837 1101 τάφρων
863 1022 917 1080 καὶ
944 1019 1009 1081 τῶν
1038 999 1268 1100 στρατοπέδων

208 1129 409 1213 διαστήματα
444 1127 607 1212 φυλακαῖς
641 1128 806 1210 διέλαβον.
860 1127 909 1191 IV
938 1127 967 1209 6,
1000 1129 1017 1191 l
1049 1126 1068 1196 ὁ
1098 1126 1268 1202 Φίλιππος

207 1241 336 1315 κλείσας
357 1239 414 1315 τὰς
437 1238 544 1313 πόλας
566 1243 622 1302 τοῦ
640 1241 811 1323 Κορίνθου
826 1245 881 1302 καὶ
903 1238 1074 1322 διαλαβὼν
1088 1241 1146 1314 τὰς
1169 1236 1269 1314 ὀδοὺς

207 1351 383 1437 φυλακαῖς.
402 1401 408 1416 .
426 1400 433 1415 .
451 1400 458 1414 .
479 1353 526 1414 At
546 1349 608 1414 viri
631 1350 719 1414 docti
742 1357 912 1414 occmrunt
933 1351 1053 1415 nemini
1075 1351 1219 1435 potuisse
1234 1351 1268 1412 in

207 1471 347 1528 mentem
363 1463 481 1543 venire,
495 1469 531 1526 ut
546 1463 813 1545 προφθάσαντας
828 1461 1007 1546 explicaret
1022 1484 1082 1546 per
1093 1461 1268 1545 διαλαβόν·

207 1598 274 1650 τας,
291 1594 389 1658 quare
405 1573 629 1638 commendant
645 1571 875 1654 διαλαβόντας.
910 1576 956 1638 At
970 1595 1044 1655 non,
1059 1582 1095 1638 ut
1112 1573 1269 1658 προφθά-
1331 1563 1332 1570 ¹

208 1706 330 1762 σαντας
363 1685 553 1770 explicaret,
589 1683 646 1748 sed
685 1691 719 1748 ut
752 1704 820 1746 rem
852 1685 954 1769 ipsam
987 1686 1088 1768 magis
1122 1684 1270 1747 definiret

207 1796 379 1878 adscripsit
400 1795 626 1878 grammaticus
649 1795 880 1879 διαλαβόντας,
905 1799 1020 1882 quippe
1036 1796 1123 1881 quod
1137 1796 1269 1859 verbum

207 1907 264 1971 illa
286 1915 402 1988 aetate,
433 1928 496 1990 qua
517 1908 744 1989 grammaticus
765 1909 856 1988 vixit,
879 1911 1009 1994 proprie
1031 1914 1207 1994 poneretur
1229 1906 1269 1970 de

208 2017 402 2103 occupandis
428 2018 520 2098 locis,
553 2038 634 2101 quae
662 2018 824 2082 montibus
851 2020 1020 2103 interjecta
1048 2027 1135 2102 sunt3
1167 2019 1270 2102 qualis

208 2131 258 2194 vis
281 2131 315 2192 in
337 2137 481 2194 nostrum
504 2130 609 2194 locum
634 2129 847 2213 (στενόπορα)
871 2133 967 2196 cadit.

315 2283 455 2364 V1132,
478 2285 498 2346 2
528 2287 763 2368 πορευομένων
791 2284 819 2348 δ
846 2285 906 2373 ἢδη
929 2291 993 2351 τῶν
1015 2285 1216 2353 Σικελιωτῶν
1239 2283 1271 2349 οἱ

210 2394 352 2471 Σικελοί,
382 2395 538 2477 καθάπερ
567 2394 698 2460 ἐδέοντο
730 2394 762 2460 οἱ
790 2395 983 2484 Ἀθηναῖοι,
1017 2398 1155 2483 ἐνέδραν
1182 2397 1272 2462 τινά

214 2507 429 2591 ποιησόμενοι
463 2505 665 2590 ἀφυλάκτοις
698 2533 730 2572 τε
764 2514 819 2571 καὶ
849 2509 1007 2596 ἐξαίφνης
1042 2509 1271 2593 ἐπιγενόμενοι

216 2615 411 2700 διέφθειραν
439 2617 472 2692 ἐς
501 2616 671 2692 όκτασόους
697 2617 849 2700 μάλιστα.
895 2621 972 2684 Vat.
1003 2626 1122 2713 τριχῇ.
1169 2622 1272 2698 Quom

213 2728 304 2824 nullo
326 2727 437 2792 codice
467 2737 500 2792 et
526 2732 601 2796 τινά
626 2737 659 2794 et
681 2733 770 2822 τριχῇ
793 2739 907 2813 exstet,
930 2731 999 2816 jam
1021 2723 1272 2817 Poppo'proba-

212 2839 321 2903 biliter
348 2841 525 2925 suspicatus
553 2849 602 2906 est
628 2863 724 2905 unum
750 2864 809 2926 pro
838 2842 940 2905 altero
963 2844 1168 2908 substitutum
1191 2865 1271 2910 esse.
1384 2931 1387 2937 Ι

211 2950 254 3013 Ni
286 2951 393 3032 fallor,
427 2954 616 3017 meminerat
647 2954 873 3035 grammaticus
905 2953 1031 3018 Niciam
1064 2963 1129 3019 tres
1159 2963 1272 3038 gentes

212 3063 311 3143 adire,
347 3084 387 3126 ne
420 3064 565 3128 hostibus
598 3065 661 3128 iter
691 3065 807 3128 darent
835 3085 893 3148 per
923 3083 997 3128 suos
1028 3067 1120 3149 fines;
1152 3069 1271 3152 primos

212 3172 287 3249 τοὺς
311 3176 532 3256 Κεντόριπας,
568 3177 683 3240 deinde
701 3174 924 3251 Ἀλικυαόους,
960 3178 1075 3242 tertios
1102 3199 1169 3262 ece,
1193 3201 1272 3264 quos

212 3285 418 3370 Thucydides
446 3288 669 3371 complectitur
690 3307 770 3351 voce
798 3286 929 3363 ἄλλους.
977 3288 1044 3353 Ηοε
1066 3298 1173 3353 autem
1204 3297 1270 3354 tres

212 3405 327 3480 gentes
354 3399 539 3462 existimans
565 3400 684 3464 rectius
712 3400 775 3463 dici
802 3399 902 3464 trinas
925 3421 1019 3483 quam
1041 3423 1119 3465 unas
1141 3401 1272 3466 insidias

212 3510 375 3590 struxisse,
397 3513 471 3574 τινά
493 3512 603 3595 inepte
625 3512 658 3574 in
680 3514 770 3600 τριχῇ
794 3512 939 3575 mutavit.

320 3651 555 3751 Nonnunquam
579 3656 705 3736 accidit,
729 3657 818 3719 utin
841 3657 962 3720 tradita
983 3660 1153 3722 verborum
1176 3664 1272 3721 struc-

212 3771 287 3828 tura
312 3765 421 3829 vitiosi
451 3775 507 3830 aut
533 3768 654 3832 insoliti
677 3767 798 3850 aliquid
818 3755 903 3848 insit,
931 3770 1045 3852 quibus
1066 3770 1145 3833 locis
1168 3771 1271 3834 oratio

211 3879 247 3942 in
268 3877 430 3942 Vaticano
453 3899 472 3941 a
493 3880 701 3961 grammatico
725 3887 813 3942 sarta
835 3887 931 3962 atque
955 3881 1057 3965 polita
1078 3889 1136 3945 est.

320 4023 388 4086 VlI
410 4024 460 4104 28,
484 4025 503 4088 2
531 4023 615 4106 πρὸς
641 4024 703 4110 γάρ
730 4029 767 4116 τῇ
798 4025 932 4102 ἐπάλξει
966 4024 1023 4111 τὴν
1055 4031 1116 4110 μὲν
1149 4023 1273 4112 ἡμέραν

210 4129 298 4200 κατά
326 4134 485 4219 διαδοχὴν
515 4133 548 4201 oi
565 4134 742 4222 Ἀθηναῖοι
764 4135 999 4222 φυλάσσοντες,
1029 4135 1087 4221 τὴν
1110 4137 1146 4203 δὲ
1174 4137 1272 4204 νύκτα
