3038 4760
653 501 821 566 ..23-

310 691 395 754 VIII
417 690 467 770 94,
493 691 508 752 1
534 689 603 772 jam
628 689 789 753 Arnoldus
811 689 966 773 expunxit
988 687 1147 762 ὁπλιτῶν,
1179 687 1265 770 quod

204 823 265 866 ucc
287 801 464 864 Vaticanus
492 802 589 864 habet
611 807 645 863 et
666 797 759 862 facile
781 819 821 861 cx
844 820 913 884 cap.
938 797 987 879 93,
1011 799 1031 861 3
1061 799 1110 879 (τὸ
1135 799 1171 862 δὲ
1193 801 1266 862 πᾶν

205 914 340 998 πλῆθος
362 916 427 976 τῶν
448 909 607 990 ὁπλιτῶν)
630 910 810 992 intellegas

312 1024 395 1087 VIII
418 1022 469 1102 23,
490 1021 512 1084 4
534 1023 642 1085 Invito
666 1041 760 1084 sensu
782 1021 982 1084 inculcantur
1003 1027 1078 1104 post
1101 1020 1265 1106 παρέπλει

204 1135 304 1196 verba
331 1133 386 1197 ε’πὶ
412 1131 468 1216 τὴν
487 1131 663 1196 ’Ἄντισσαν
690 1139 743 1195 καὶ
772 1133 968 1218 Μήθυμναν
989 1133 1093 1216 peIIta
1115 1152 1155 1194 ex
1177 1152 1265 1216 supe·

202 1245 342 1310 rioribus
371 1247 604 1328 (παραπέμπει
628 1244 683 1308 aa
706 1243 762 1330 τὴν
775 1243 952 1308 Ἀντισσαν
968 1251 1020 1307 καὶ
1042 1244 1263 1328 Μήθυμναν),
1376 1284 1382 1292 -

204 1357 235 1419 iu
271 1377 364 1439 quem
394 1375 535 1418 errorem
563 1375 602 1418 eo
631 1355 755 1418 facilius
783 1362 853 1418 erat
880 1355 1034 1434 incidere,
1067 1355 1142 1437 quia
1169 1354 1265 1418 iidem

205 1468 332 1531 codices
355 1487 450 1550 supra
472 1487 530 1550 pro
556 1471 770 1550 παραπέμπει
792 1467 911 1530 habent
934 1466 1105 1547 παρέπλει.

311 1579 395 1642 VIII
418 1579 446 1658 2,
471 1581 487 1642 1
512 1575 685 1664 ἡγούμενοι
708 1577 910 1641 manifestum
933 1586 982 1642 est
1004 1569 1266 1662 interpretamen-

205 1697 271 1754 tum
294 1711 354 1754 nco
376 1697 485 1774 potest
506 1689 581 1752 ferri
603 1689 699 1773 paulo
723 1689 934 1753 antecedente
958 1693 1158 1771 νομίσαντες.

310 1800 378 1863 VII
424 1801 479 1881 37,
518 1801 537 1865 3
580 1801 681 1864 Recte
719 1801 839 1864 delerit
875 1801 1043 1864 Belrkerus
1072 1800 1273 1888 Vaticanum,

205 1918 331 1975 secutus
357 1910 538 1998 Ἀθηναῖοι
571 1920 645 1996 post
679 1909 710 1976 αἱ
745 1911 795 1987 δέ,
830 1912 916 1994 quod
950 1910 1128 1993 subjectum
1163 1917 1265 1974 totam

204 2023 373 2106 periodum
396 2024 629 2108 complectitur.

310 2134 377 2197 VII
403 2134 454 2215 41,
476 2135 511 2196 4·
531 2132 675 2209 πολλοὺς
702 2135 790 2218 (post
817 2135 943 2217 ἄνδρας
971 2131 1045 2210 τοὺς
1078 2137 1153 2218 μὲν)
1190 2133 1264 2196 iude

206 2251 311 2308 ortum
348 2254 409 2326 est,
447 2246 532 2327 quod
566 2246 742 2310 haerebant
775 2247 808 2308 in
841 2245 964 2308 librarii
997 2247 1151 2310 memoria
1184 2266 1265 2328 quac

206 2354 496 2439 modo-scripserat
517 2363 571 2420 καὶ
593 2361 946 2442 κατατραυματίσαντες
969 2357 1107 2433 πολλάς.
1196 2360 1197 2364 ’

309 2467 449 2548 V1142,
474 2470 488 2531 1
520 2472 634 2543 ναῑιςτε
659 2481 742 2552 τρεῖς
769 2475 822 2532 καὶ
850 2468 1071 2554 ἑβδομήκοντα
1097 2468 1266 2552 μάλιστα

212 2573 270 2651 ξὺν
287 2590 351 2652 ταῖς
368 2581 510 2656 ξενικαῖς
512 2628 603 2644 .....
616 2581 739 2661 Partes,
752 2601 832 2662 quac
849 2579 991 2644 efficiunt
1006 2581 1088 2644 hunc
1104 2601 1267 2662 uumcrum

211 2688 302 2751 trium
325 2697 359 2752 ct
381 2693 587 2775 septuaginta
609 2694 746 2773 navium,
770 2693 909 2774 singulas
933 2691 1131 2756 enumeravit
1146 2691 1267 2772 Thucy·

208 2799 306 2879 dides,
335 2822 429 2883 quom
458 2805 640 2867 narraverit
662 2825 731 2887 cap.
755 2805 797 2866 20
820 2805 1066 2867 Demosthenem
1088 2803 1267 2887 profectum

206 2932 276 2976 csse
300 2913 469 2995 sexaginta
491 2935 547 2978 sex
569 2916 712 2996 navibus,
743 2916 856 2998 quibus
880 2913 961 2998 (cap.
986 2915 1040 2997 31)
1065 2919 1269 2977 accesserunt

206 3024 385 3106 quindecIm
421 3045 518 3088 nares
548 3025 810 3110 Corcyraeorum,
846 3027 927 3090 duae
956 3027 1267 3110 Megapontinorum,

206 3157 269 3199 una
303 3136 439 3219 denique
469 3136 560 3198 navis
590 3136 849 3220 Eurymedontis3
884 3137 957 3200 hinc
986 3159 1082 3219 quom
1112 3143 1268 3221 appareat

206 3255 329 3312 certum
351 3268 514 3311 numerum
538 3247 609 3327 dici,
633 3247 785 3311 abliorrct
807 3249 952 3331 prolccto
975 3248 1127 3330 μάλιστα.

313 3360 473 3423 Absoluta
510 3360 612 3443 prima
650 3359 876 3441 disputationis
913 3367 1042 3424 nostrae
1079 3371 1171 3445 parte
1200 3361 1268 3443 jam

207 3480 407 3536 transeamus
429 3471 470 3534 ad
494 3491 549 3534 eos
572 3471 661 3534 locos
683 3472 928 3553 percensendos,
957 3472 1070 3554 quibus
1093 3473 1179 3535 alind
1202 3492 1269 3534 rer-

207 3585 282 3646 bum
318 3583 417 3646 habet
453 3583 643 3662 Vaticanus,
681 3581 768 3644 aliud
805 3584 905 3646 ceteri
942 3584 1079 3648 codices
1139 3582 1270 3645 Leviter

208 3695 395 3776 attingimus
417 3695 506 3757 illum
529 3713 678 3772 errorem,
702 3713 765 3774 quo
789 3703 923 3778 propter
945 3697 1014 3760 soni
1030 3693 1269 3758 similitudinem

207 3815 264 3870 aut
286 3806 319 3868 in
334 3805 527 3870 Vaticanum
550 3812 606 3868 aut
628 3805 660 3866 iu
683 3812 808 3867 ceteros
831 3805 958 3868 codices
980 3805 1122 3888 ineptum
1137 3806 1269 3868 verbum

207 3917 350 4002 irrepsit,
384 3917 433 3980 cui
467 3937 537 3978 cum
570 3915 669 3978 verbo
703 3936 780 3980 vcro
814 3937 877 3978 uua
908 3923 962 3978 aut
991 3916 1098 3999 plures
1128 3917 1269 4000 syllabae

207 4049 389 4093 communes
418 4035 501 4091 suntss
524 4065 564 4076 -
587 4027 663 4090 Vat.
689 4025 844 4089 V1113o.
869 4027 920 4090 33.
945 4025 986 4090 85
1016 4030 1183 4109 ναυμαχία
1210 4047 1269 4110 pro

182 4143 386 4228 ναυαρχία,
419 4139 501 4204 VllI
528 4139 570 4204 58
599 4138 793 4222 βασιλευέτω
824 4159 883 4222 pro
914 4138 1107 4220 βουλευέτω,
1135 4137 1202 4202 VII
1230 4138 1268 4201 71
