3038 4760
699 469 870 531 „12-

251 654 305 736 τῆς
327 649 365 716 οὐ
390 652 433 716 δι’
455 650 569 732 ὀλίγον
591 659 779 740 κεκτημένης
801 656 971 743 θαλάσσης
993 655 1166 742 ἡγούμενοι
1192 657 1315 739 ὑποχω-

250 767 351 845 ροῦσι,
377 763 452 827 Vat.
478 763 520 828 δι’
541 761 654 843 ὀλίγου
676 767 795 831 πόνου.
842 768 887 830 At
909 770 1051 852 pertinet
1071 770 1115 832 δι’
1137 767 1251 848 ὀλίγου
1273 769 1314 832 ad

249 877 414 958 proprium
448 876 576 939 dicendi
610 897 709 959 genus
740 879 994 962 Thucydidem,
1028 882 1074 944 ita
1106 882 1246 963 quidem,
1280 891 1315 944 ut

247 1009 330 1051 nunc
359 989 476 1064 locum,
508 1009 591 1052 nunc
620 995 745 1072 tempus
773 989 945 1072 significet3
977 1013 1074 1075 quare
1103 993 1313 1075 abjiceremus

249 1098 329 1160 illud
357 1099 475 1174 πόνου,
503 1100 629 1162 etiamsi
660 1101 746 1164 omni
771 1103 946 1164 offensione
970 1110 1110 1168 careret:
1142 1105 1227 1187 quod
1249 1126 1314 1168 non

250 1209 297 1271 ita
319 1229 353 1272 se
375 1209 483 1273 habet.
527 1210 640 1294 Neque
663 1212 747 1274 enim
769 1218 880 1294 potest
907 1213 950 1276 δι’
977 1211 1089 1294 ὀλίγον
1112 1220 1220 1282 πόνου
1243 1237 1314 1280 con-

251 1320 353 1384 ciliari
384 1342 453 1384 cum
478 1322 622 1405 perfecto
653 1327 855 1408 κεκτημένης,
890 1345 985 1406 quom
1008 1335 1164 1410 appareat
1186 1347 1314 1407 magno·

249 1432 360 1495 labore
384 1454 446 1496 non
463 1441 582 1514 tenere,
606 1435 662 1496 sed
678 1435 814 1516 adeptos
831 1455 900 1498 esse
915 1437 1130 1502 Athenienses
1145 1438 1312 1522 imperium

249 1545 452 1608 maritimum.
486 1546 621 1609 Prorsus
644 1553 750 1608 autem
767 1549 945 1610 sententiae
964 1551 1115 1613 convenit
1132 1550 1172 1613 δι’
1189 1547 1311 1629 ὀλίγον,

250 1657 277 1720 si
301 1657 439 1739 accipias
462 1659 639 1741 perbreve
663 1665 798 1741 tempor.

331 1818 333 1823 .
355 1769 438 1831 VIII
456 1770 521 1850 1‚4
542 1775 596 1832 κοὶ
618 1769 653 1834 τὸ
681 1774 778 1853 θέρος
801 1770 962 1848 arndeonem
985 1773 1060 1835 Vat.
1085 1778 1139 1835 καὶ
1160 1770 1195 1837 τὸ
1213 1776 1311 1852 θέρος

190 1877 191 1882 ’
250 1878 395 1942 ἐτελεύτα
422 1883 559 1944 τοῦτο·
590 1881 676 1962 quod
697 1903 874 1966 pronomen
897 1903 961 1945 non
983 1885 1066 1948 solet
1088 1885 1207 1947 addere
1230 1883 1311 1946 Thu·

249 1991 391 2073 cydideS,
415 1992 476 2055 nini
498 1993 641 2075 sequitur
663 1993 854 2074 significatio
877 1993 951 2055 anni
974 1993 1071 2057 velut.
1102 1997 1201 2058 VIII
1224 1996 1310 2075 oda

249 2099 313 2163 Sed
338 2101 505 2165 Olausenns
536 2104 582 2166 ita
611 2103 755 2168 defendit
780 2110 873 2169 τοῦτο
900 2111 936 2170 ut
963 2113 1064 2189 ponat
1090 2107 1310 2191 Thucydidem

247 2211 386 2274 voluisse
423 2214 536 2277 efferre
573 2215 766 2297 gravitatem
800 2217 892 2299 hujus
925 2218 1069 2297 aestatia,
1103 2241 1165 2301 qua
1193 2219 1310 2282 Athen-

249 2323 388 2386 censium
422 2327 580 2389 exercitus
613 2329 646 2389 in
680 2327 790 2391 Sicilia
821 2299 964 2410 perierit.
1009 2331 1055 2393 At
1088 2351 1148 2412 ego
1183 2331 1310 2412 quidem

249 2433 417 2516 dissentio,
451 2439 504 2519 qui
537 2440 733 2502 meminerim
760 2439 826 2502 VH
854 2441 873 2502 9
908 2441 1035 2504 codices
1068 2443 1094 2504 B
1123 2442 1309 2505 haidem

248 2553 302 2610 καὶ
328 2546 362 2611 τὸ
392 2551 491 2630 ι’λέρος
518 2549 666 2612 ἐτελεύτα
693 2553 786 2615 τοῦτο
815 2551 978 2632 exhibere,
1007 2574 1069 2636 quo
1093 2553 1165 2616 loco
1189 2555 1215 2616 si
1238 2574 1309 2616 con-

249 2658 337 2720 venit
366 2659 450 2721 inter
477 2681 535 2724 nos
562 2663 701 2745 spurium
729 2683 797 2726 esse
825 2668 932 2738 τοῦτο,
964 2685 1003 2726 ne
1028 2665 1110 2727 VIII
1136 2666 1150 2728 1
1181 2666 1308 2748 quidem

247 2769 464 2852 recipiendum
492 2773 631 2854 ridetm·‚
660 2775 735 2856 quia
759 2775 927 2857 probabile
955 2783 1004 2838 est
1032 2776 1165 2840 duorum
1188 2778 1309 2840 addita-

248 2889 426 2946 mentorum
450 2885 605 2966 originem
629 2887 763 2949 eandem
786 2907 865 2948 esse.

354 2995 437 3058 VIII
460 2995 488 3077 5,
510 2995 530 3060 5
553 2997 721 3062 manifesta
742 2998 926 3080 agnoscitur
948 3017 1058 3060 manus
1073 2999 1309 3082 interpolatrix,

248 3127 318 3168 cum
347 3105 498 3171 exhibeat
524 3109 701 3174 Vaticanus
735 3108 851 3194 ἱκανὴν
883 3108 1005 3194 τροφὴν
1032 3114 1196 3192 παρέξειν.
1244 3112 1309 3175 Sed

248 3218 338 3280 notio
372 3219 461 3282 vocis
490 3221 593 3306 τροηη
626 3222 849 3305 complectitur
881 3242 932 3301 ea,
967 3242 1047 3303 quae
1072 3222 1112 3284 ad
1136 3224 1307 3287 vivendum

248 3331 428 3393 necessaria
450 3340 531 3413 sunt,
553 3333 637 3396 unde
661 3341 797 3418 apparet
817 3353 947 3417 prorsus
970 3334 1064 3396 inane
1088 3355 1156 3398 esse
1180 3333 1306 3419 ἱκανήν.

355 3443 439 3505 VIII
472 3445 514 3506 23
547 3492 555 3507 .
587 3492 594 3508 .
625 3493 633 3508 .
664 3493 671 3508 .
708 3443 895 3508 ἀπέπλευσε
928 3443 985 3508 τὸν
1022 3444 1138 3511 ἑαυτοῦ
1172 3446 1308 3532 στρατὸν

248 3551 427 3635 ἀναλαβὼν
455 3555 487 3630 ἐς
517 3555 573 3641 την
600 3559 686 3637 χέον,
715 3557 782 3619 Vat
809 3554 864 3620 τὸν
891 3554 1006 3620 ἑαυτοῦ
1036 3555 1172 3640 στρατὸν
1193 3558 1305 3633 πεζόν.

248 3667 316 3728 Iam
338 3666 452 3750 Poppo
482 3668 516 3730 in
546 3670 674 3732 dubium
701 3668 830 3730 vocavit
856 3667 966 3742 πεζόν,
995 3669 1129 3732 haerens
1157 3670 1189 3762 in
1212 3670 1307 3732 collo-

248 3778 383 3858 catione,
406 3799 500 3861 quam
517 3779 682 3861 Kriigerus
705 3780 832 3862 quidem
855 3787 987 3842 excusat
1002 3781 1156 3863 exemplis
1172 3781 1306 3861 collatis,

248 3891 331 3952 unde
366 3898 500 3974 apparet
532 3913 596 3955 non
628 3893 768 3974 repetito
798 3891 933 3954 articulo
964 3893 1052 3973 sequi
1082 3911 1306 3974 nonnunquam

248 4001 453 4084 adjectivum,
499 4003 524 4065 si
566 4004 765 4067 substantivo
802 4004 977 4086 praecedat
1014 4005 1183 4086 genitivus.
1244 4004 1307 4065 Sed

247 4120 358 4178 noster
388 4114 477 4178 locus
510 4133 549 4177 ea
570 4135 605 4178 re
628 4115 721 4179 aliter
743 4121 945 4200 comparatus
968 4123 1025 4195 est,
1059 4117 1146 4199 quod
1169 4112 1186 4182 ὁ
1211 4113 1308 4191 πεζὸς
