3038 4760
690 509 858 574 45„

244 699 330 784 quod
357 698 556 782 digressione
583 697 668 762 facta
690 661 979 783 Thucydides'per
1006 719 1102 762 voces
1130 679 1159 763 δ’
1183 695 1243 764 οὖν
1265 697 1307 762 ad

244 812 383 897 priorem
414 811 606 875 seutentiam
635 811 718 874 solet
746 811 862 874 redire.
908 809 991 878 Nam
1013 818 1148 895 apparet
1169 811 1308 874 reditum

245 924 380 987 indicari
402 944 482 988 voce
505 920 574 997 οὖν,
598 943 663 984 uon
688 943 766 986 voce
790 922 835 997 δέ,
859 943 922 1004 qua
937 921 1134 1004 abrumpitur
1149 924 1309 986 sententia

246 1036 455 1119 interposita.
500 1035 613 1116 Itaque
637 1041 669 1096 et
691 1034 846 1098 hocloco
869 1041 902 1096 et
924 1033 966 1113 II,
992 1035 1073 1114 16‚1
1099 1033 1267 1098 Classenus
1291 1056 1309 1098 a
1391 1119 1392 1124 ἵ

247 1168 324 1211 vero
348 1148 485 1225 aberrat,
510 1146 595 1228 quod
618 1143 704 1209 τὀὖν
727 1147 822 1209 scribi
839 1145 943 1228 jubet.

353 1259 419 1321 VII
442 1259 492 1338 81,
521 1257 540 1320 3
568 1277 661 1320 nemo
685 1256 820 1339 recipiat
842 1275 882 1318 ex
904 1256 1064 1320 Vaticano
1096 1255 1233 1322 ἑκατὸν
1256 1263 1310 1322 καὶ

248 1369 448 1452 ποντὴκονια
472 1369 631 1443 σταδίους,
657 1389 727 1431 oum
749 1389 813 1432 nou
836 1369 979 1451 potuerit
1000 1391 1063 1432 una
1084 1378 1178 1434 nocte
1201 1369 1310 1433 Nicias

190 1562 193 1566 Ι
247 1481 455 1547 Demostheni
496 1457 626 1543 tantum
660 1481 755 1563 spatii
795 1479 998 1563 praeoedere.
1052 1479 1160 1542 FaciIe
1203 1488 1309 1544 autem

247 1597 361 1680 potnit,
396 1593 422 1655 si
455 1613 548 1675 quem
574 1595 629 1654 καί
653 1591 743 1672 „ver
768 1591 877 1654 valere
906 1589 1040 1672 fugerat,
1073 1591 1100 1653 is
1123 1612 1161 1654 eo
1185 1591 1310 1674 adduci,
1388 1595 1389 1602 ’

249 1713 284 1770 ut
305 1725 469 1768 numerum
492 1711 566 1766 ante
588 1707 643 1765 καί
665 1710 794 1786 putaret
816 1701 1026 1765 intercidisse.

353 1815 437 1878 VIII
461 1815 528 1893 7,1
565 1813 635 1895 ἅμα
669 1813 705 1876 δὲ
733 1815 774 1898 τῷ
803 1811 854 1896 ἦρι
884 1833 1074 1895 quamquam
1102 1833 1197 1896 saepo
1227 1815 1311 1898 apud

250 1925 467 2010 Thucydidem
483 1924 700 2008 praemittitur
717 1925 823 1988 verbis
838 1929 895 1988 τοῦ
912 1923 1162 2004 ἐπιγιγνομένου
1178 1931 1309 2004 θέρους,

250 2047 357 2104 tamen
395 2038 455 2101 hoc
491 2037 563 2100 Ioco
601 2055 641 2098 ex
674 2036 834 2098 Vaticano
871 2055 936 2098 uon
976 2045 1024 2099 est
1063 2037 1310 2120 depromendum

250 2151 368 2234 quippe
383 2149 424 2216 iu
440 2168 503 2230 quo
527 2147 641 2210 codem
664 2147 774 2210 codice
800 2147 837 2210 δέ
857 2155 932 2230 post
946 2151 1002 2220 τοῦ
1022 2148 1188 2212 resederit.
1227 2149 1313 2214 Hinc

250 2271 356 2326 autem
378 2259 591 2344 probabiliter
613 2258 814 2321 concluditur
839 2257 911 2340 ἅμα
935 2259 971 2322 δὲ
994 2263 1035 2344 τῷ
1059 2257 1111 2342 ἦρι
1134 2279 1203 2323 esse
1219 2261 1331 2324 inter-¹

250 2380 484 2458 pretamentum
507 2369 715 2452 grammatici,
739 2371 792 2452 qui
815 2371 944 2452 quidem
969 2371 1112 2434 omiscrit
1135 2371 1172 2434 δέ
1188 2373 1311 2437 tollere.
1364 2411 1366 2422 ‚

251 2485 362 2567 Neque
393 2482 471 2545 illud
501 2502 565 2544 non
599 2481 698 2544 habet
725 2482 789 2544 rim
819 2481 860 2544 ad
887 2482 1135 2564 impugnandam
1163 2483 1314 2546 Vaticani

255 2597 450 2679 scripturam,
473 2593 558 2676 quod
581 2593 695 2656 eodem
712 2592 793 2672 loco,
817 2612 879 2674 quo
898 2594 1099 2676 subsequitur
1115 2592 1225 2670 εὐθύς,
1249 2616 1314 2659 non

254 2707 335 2772 solet
356 2729 375 2769 a
398 2704 584 2788 Thucydide
606 2703 761 2786 praeponi
797 2701 866 2786 ἅμα
900 2705 936 2768 δὲ
969 2709 1011 2792 τῷ
1046 2703 1098 2788 ἦρι
1121 2705 1227 2768 verbis
1259 2711 1334 2769 uod

255 2819 505 2900 ἐπιγιγνομένου
529 2819 657 2898 θέρους.

357 2929 441 2992 VIII
464 2927 513 3006 24,
538 2930 558 2994 2
587 2929 760 2990 καὶ·Λέων
782 2921 835 2988 καὶ
856 2928 1027 3010 Διομέδων
1050 2928 1177 3010 ἔχοντες
1199 2927 1257 3002 τὰς
1278 2927 1315 2991 ἐκ

255 3047 385 3124 Λέσβον
401 3039 594 3123 Ἀθηναίων
616 3040 711 3114 ναῦς,
742 3035 776 3100 ἔκ
799 3063 831 3100 οε
857 3040 1046 3104 Οἶνοοσσών
1067 3042 1132 3103 τῶν
1154 3038 1219 3120 πρὸ
1243 3043 1316 3119 χίου

253 3156 359 3237 νήσων
382 3157 436 3216 καὶ
460 3151 494 3214 e'x
514 3150 692 3234 Σιδοὺσσης
707 3155 760 3212 καὶ
778 3149 813 3212 ἐκ
829 3147 980 3225 Πτελεοῦ,
999 3151 1075 3214 ὁῖἕν
1089 3153 1125 3242 τῇ
1135 3147 1316 3232 Ἐρυθραῖοι

253 3261 343 3346 εἶχον
369 3267 456 3347 τείχη
485 3261 574 3346 (Van
610 3259 766 3346 οἷπῆραν
801 3260 882 3346 καὶ)
920 3261 954 3324 ἐκ
981 3265 1034 3347 τῆς
1062 3265 1193 3343 Λέσβον
1216 3259 1316 3344 ὁρμώ-

253 3398 346 3458 μενοι
384 3371 442 3437 τὸν
480 3371 561 3455 πρὸς
598 3370 671 3446 τοὺς
706 3375 799 3453 χίονς
840 3371 991 3455 πόλεμον
1027 3369 1095 3436 ἀπὸ
1134 3376 1198 3436 τῶν
1233 3376 1317 3436 νοῶν

255 3487 440 3551 ἐποιοῦντο.
486 3484 561 3546 Vno
591 3485 706 3546 obtutu
727 3484 780 3566 qui
802 3484 909 3546 Iocum
931 3485 1094 3566 aspexerit
1116 3504 1245 3548 necesse
1268 3494 1317 3548 est

254 3597 363 3660 videat
385 3596 524 3679 spmidm
548 3615 616 3658 esse
639 3593 775 3680 ἀπῆραν
797 3599 866 3669 καί,
891 3615 960 3657 cum
983 3615 1047 3656 non
1069 3597 1172 3678 possit
1193 3604 1317 3660 antece·
1373 3602 1374 3605 ’

255 3709 330 3772 dere
358 3707 529 3792 participio
553 3703 747 3790 ὁρμώμενοι.
794 3708 907 3792 Itaque
926 3706 994 3788 jam
1019 3707 1252 3770 discederemus
1276 3707 1316 3770 ab

254 3817 320 3882 hoe'
341 3818 421 3898 loco,
455 3817 515 3880 nisi
543 3837 602 3880 nos
634 3817 794 3881 detineret
817 3803 1006 3898 Classenuss
1027 3818 1080 3899 qui
1103 3819 1143 3880 ab
1166 3818 1317 3881 Vaticani

256 3931 412 4014 scriptura
439 3927 601 4010 profectus
635 3928 732 3990 etiam
762 3927 795 3990 ἐκ
822 3932 876 4012 τῆς
897 3919 1028 4011 Λέσβου
1050 3929 1083 3990 iu
1105 3929 1316 4012 suspicionem

256 4045 359 4120 vocat,
390 4061 460 4103 eum
488 4045 580 4123 putet
602 4039 644 4102 ad
666 4041 774 4120 verbe,
797 4059 878 4121 quae
902 4059 998 4122 supra
1019 4037 1169 4120 leguntur
1192 4037 1319 4119 ἔχοντες

258 4175 313 4230 τας
336 4151 370 4214 ἐκ
393 4155 523 4234 Λέσβον
540 4149 732 4237 Ἀθηναίων
756 4154 836 4225 νοῦς
858 4150 1039 4234 explicandi
1062 4169 1157 4213 eausa
1180 4149 1317 4232 aliquem
