3038 4760
245 714 361 778 Graeci
389 714 434 788 εἰς
464 715 738 798 praepositionem
770 714 949 797 adjungunt
975 717 1094 806 verbis,
1126 735 1209 800 qnae
1235 717 1305 800 ipsa

243 825 363 887 nullum
400 825 582 906 significant
614 834 750 906 motum,
787 827 834 889 ita
866 833 902 890 ut
934 827 1072 910 legentis
1104 828 1304 910 cogitatione

146 1013 149 1018 Ι
243 955 372 998 neccsse
400 936 442 998 sit
469 937 548 1000 addi*
573 937 702 1018 aliquod
726 938 876 1001 movendi
899 940 1039 1020 verbnm,
1068 940 1124 1003 cfr.
1148 939 1247 1002 Thuc.
1270 940 1304 1004 II

244 1047 293 1127 15,
317 1048 336 1110 2
364 1046 479 1132 ἐπειδὴ
507 1047 543 1110 δέ
571 1046 695 1133 Θησεὺς
725 1048 912 1130 ἐβασίλευσε
936 1098 1111 1114 ......
1137 1057 1190 1114 καὶ
1213 1075 1304 1113 κατα·
1384 1039 1388 1052 ’

242 1158 342 1232 λύσας
363 1162 427 1222 τῶν
448 1158 557 1222 ἄλλων
580 1160 709 1224 πόλσων
731 1161 773 1222 τά
787 1184 819 1223 ιε
834 1161 1045 1246 βουλευτήρια
1061 1167 1114 1224 καὶ
1130 1159 1186 1235 τὰς
1201 1158 1304 1242 άρχὰς

243 1268 276 1342 ἐς
298 1266 354 1350 τὴν
377 1273 436 1332 νῦν
463 1270 566 1334 πόλιν
588 1268 700 1334 οὖσαν.
747 1271 851 1354 Magis
874 1273 972 1336 etiam
995 1272 1174 1356 comparari
1196 1278 1305 1356 potest

240 1378 324 1442 I'lat.
350 1379 427 1444 πολ.
451 1381 515 1448 468
539 1382 596 1446 τὸν
619 1383 722 1458 ζῶντα
745 1384 790 1457 εἰς
812 1380 885 1458 τοὺς
907 1384 1085 1467 πολεμίους
1105 1380 1228 1447 ἁλόντα
1252 1382 1304 1466 ἆρ’

242 1488 280 1554 οὗ
299 1491 424 1572 διορεδιν
440 1492 571 1557 διδόναι
588 1493 640 1556 δεῖ
659 1505 727 1568 ιοΐς
749 1493 900 1557 ἐθέλουσι
923 1496 1067 1578 χρῆσθαι
1090 1497 1125 1584 τῇ
1149 1493 1238 1576 άγρᾳ
1254 1493 1301 1558 ὅτι

241 1603 283 1664 ἁν
310 1603 513 1684 (tortorem,-
558 1605 652 1668 Hune
676 1605 803 1668 dicendi
830 1626 918 1670 usum
948 1627 1043 1688 quom
1066 1605 1228 1669 illustrare
1249 1626 1303 1668 vo·

238 1714 347 1794 luerit,
377 1715 515 1797 suspicio
544 1736 659 1798 magna
686 1717 762 1778 mihi
789 1724 839 1779 est
866 1718 1107 1800 grammaticum
1130 1717 1171 1779 ad
1194 1713 1301 1798 ἁρπά-

240 1843 353 1898 σαντες
379 1825 534 1907 adjecisse
562 1833 615 1889 καὶ
643 1827 905 1909 διαβιβάσανιις,
935 1829 1021 1911 quod
1049 1819 1301 1892 additamentum

238 1937 264 1998 si
294 1935 461 2000 Classenus
489 1938 568 2000 dicit
597 1939 778 2002 necessario
810 1939 999 2020 desiderari,
1033 1941 1140 2004 miror.
1189 1938 1301 2021 Neque

238 2049 390 2110 momenti
423 2049 515 2112 ullius
546 2049 640 2129 duco,
674 2050 761 2132 quod
790 2059 960 2134 praeterea
986 2059 1096 2114 monet
1123 2050 1300 2114 Classemus

239 2159 401 2243 ἁρπάζειν
423 2161 454 2222 vi
477 2161 624 2243 capiendi
648 2162 699 2224 rel
721 2163 918 2245 corripiendi
941 2164 1017 2226 alibi
1039 2183 1192 2244 nusquam
1216 2161 1300 2244 apud

238 2271 457 2354 Thucydidem
479 2273 623 2354 inveniri,
646 2273 699 2355 qni
715 2273 776 2337 hoc
792 2275 923 2338 verbum
942 2275 991 2338 bis
1008 2281 1130 2338 tuntum
1147 2272 1299 2356 posuerit.

237 2383 290 2446 Ad
317 2383 397 2446 alios
425 2391 528 2447 autem
558 2386 732 2468 scriptores
759 2393 794 2448 nt
821 2387 1033 2468 decurramus,
1063 2391 1197 2470 possunt
1219 2384 1299 2446 haee

237 2495 383 2578 exempla
398 2495 523 2576 adduci,
545 2497 657 2578 quibus
674 2495 833 2576 ἁρπάζειν
850 2499 978 2562 omnino
995 2499 1167 2581 corripere,
1184 2515 1298 2580 capere

226 2605 404 2686 significat.
449 2607 533 2670 Xon.
550 2612 653 2672 Anao.
670 2609 698 2688 6,
721 2607 785 2688 1,8
809 2608 965 2693 ἁρπάσας
987 2608 1026 2674 ιὰ
1050 2609 1139 2673 ὅπλα
1161 2609 1298 2692 μάχεται

237 2716 303 2800 πρὸ
340 2720 397 2781 τοῦ
434 2719 575 2799 ζεύγους.
622 2722 735 2786 Herod
769 2723 801 2802 9,
838 2721 897 2784 107
937 2723 991 2783 καί
1027 2743 1085 2803 μιν
1119 2719 1297 2782 ἐπιθέοντα

239 2834 400 2912 φρασθεὶς
422 2832 626 2915 Ξειναγόρας
647 2833 787 2918 ἁρπάζει
809 2838 919 2916 μέσον.
944 2869 987 2878 -

342 2941 389 3005 Ut
410 2942 473 3004 alia
496 2943 681 3025 indagemus
704 2946 999 3028 interpretamenta,
1022 2963 1103 3026 qnae
1119 2949 1297 3006 structurae

236 3053 456 3135 expediendae
490 3056 646 3136 serviunt,
680 3078 750 3120 cum
777 3077 816 3120 eo
843 3057 925 3136 Ioco,
959 3075 1052 3137 quem
1080 3055 1296 3134 tractavimus

235 3163 342 3244 aliqua
364 3164 538 3230 similitudo
563 3176 613 3230 est
633 3169 706 3231 loco

341 3275 424 3337 VIII
447 3277 540 3357 50,3
575 3277 591 3342 ὁ
622 3277 798 3360 Ἀστύοχος
822 3328 829 3343 .
856 3327 863 3342 .
890 3326 897 3341 .
924 3326 932 3342 .
957 3281 1141 3363 προςέθηκέ
1172 3301 1217 3353 τε,
1254 3277 1297 3353 ὡς

235 3383 373 3463 ἐλέγετο,
399 3387 453 3450 ἐπὶ
476 3388 573 3464 ἰδίοις
594 3391 719 3473 κέρδεσι
746 3393 959 3473 Τισσαφέρνει
985 3389 1118 3465 ὲαιπόν,
1146 3395 1297 3470 καὶπερὶ·

233 3497 355 3560 τούτων
387 3505 441 3562 καὶ
475 3507 549 3583 περὶ
583 3505 646 3565 τῶν
680 3500 790 3564 ἄλλων
824 3503 1035 3580 (κοινοῦσθαι
1069 3501 1102 3562 in
1134 3501 1294 3565 Vaticano

234 3609 382 3691 accedit).
427 3611 473 3674 At
495 3614 602 3695 potuit
623 3613 769 3696 profecto
793 3619 868 3697 mot
891 3612 1013 3676 τούτοιν
1035 3610 1167 3675 καῖτιῖιν
1186 3611 1295 3675 ἄλλων

233 3720 339 3802 aptari
373 3742 412 3783 ex
446 3726 628 3806 προςέδηκε
659 3723 789 3798 ἑαιπόν,
824 3725 857 3786 in
887 3724 1000 3805 quibus
1026 3723 1133 3786 verbis
1155 3724 1293 3806 quodam

233 3830 328 3893 modo
356 3820 585 3916 προληπτικῶς
611 3835 696 3898 inest
721 3837 769 3898 vis
797 3834 1060 3899 communicandi.
1109 3834 1192 3898 Nam
1220 3857 1294 3919 qno-

233 3941 440 4024 ticnscunque
471 3945 533 4008 duo
562 3946 644 4008 alter
670 3948 711 4010 ad
739 3949 874 4011 alterum
902 3965 935 4007 se
959 3945 1134 4028 applicant,
1169 3968 1295 4030 semper

232 4073 271 4116 eo
309 4055 443 4117 oonsilio
481 4056 651 4138 ducuntur,
690 4064 725 4119 ut
759 4078 827 4119 rem
860 4057 1017 4139 agendam
1049 4059 1291 4122 communicent.

230 4165 343 4248 Itaque
366 4167 482 4248 nescio,
505 4189 545 4230 an
567 4171 761 4232 κοινοῦσθαι
783 4169 962 4252 posteriore
979 4189 1073 4233 manu
1098 4170 1291 4234 inculcatum
