3038 4760
673 516 846 580 ..41-

233 713 362 770 tuentur
384 725 492 768 omncs
515 703 656 786 ἔχοντες,
680 704 768 786 quod
794 703 941 768 similiter
962 703 1082 785 legitur
1104 701 1239 783 1115‚2
1262 709 1296 766 et

234 818 283 881 IV
301 817 351 896 25,
368 817 388 880 6
408 815 521 900 Neque
537 823 646 900 potest
661 813 735 878 ferri
753 814 900 899 aoristus,
915 835 1010 896 quom
1025 821 1127 878 status
1142 814 1185 878 sit
1201 814 1296 897 signi-

233 908 383 1008 ficandus,
405 948 498 1012 quem
523 928 593 991 Chii
615 927 702 990 nacti
725 933 799 990 sunt
819 934 895 1010 post
917 947 1067 1008 pugnam.

338 1039 423 1102 VIII
445 1039 538 1120 23,2
563 1086 709 1104 .....
741 1037 829 1102 ἔνθα
851 1038 1058 1102 πυνθάνεται
1082 1036 1132 1102 ὄιι
1153 1033 1172 1122 ἡ
1195 1042 1295 1101 Μυτι-
1354 1070 1357 1080 ‹

234 1151 314 1237 λήνη
341 1149 407 1216 ὑπὸ
435 1154 499 1214 τῶν
515 1148 710 1236 Ἀθηναίων
734 1147 885 1233 αὐτοβοεὶ
907 1148 1059 1214 ἑάλωκεν.
1105 1149 1174 1212 Vat
1195 1147 1293 1214 ἑάλω.

234 1263 402 1328 Classenus
429 1262 572 1346 praefert
598 1263 752 1326 aoristum
779 1283 875 1344 quom
896 1282 961 1325 uon
984 1261 1084 1325 multo
1105 1268 1181 1344 post
1202 1259 1296 1344 Myti-

233 1375 305 1438 lene
332 1375 365 1436 in
388 1374 714 1438 LacedaemonIorum
741 1373 897 1437 ditionem
918 1373 1062 1436 redierit.
1108 1375 1154 1437 At
1175 1372 1296 1456 perfec·

233 1491 299 1549 tum
324 1505 448 1549 omnem
472 1492 590 1550 statum
613 1487 741 1565 indicat,
764 1505 827 1548 non
852 1485 947 1549 modo
976 1485 1168 1548 diuturnum.
1202 1484 1295 1565 Asty·

235 1593 316 1660 ocho
340 1597 424 1660 enim
447 1599 492 1662 sic
514 1599 679 1662 nuntiatur
702 1597 854 1681 Mytilene
876 1596 945 1679 jam
972 1618 1037 1661 nou
1059 1603 1108 1660 est
1129 1595 1163 1658 in
1185 1602 1296 1660 nostra

234 1714 411 1792 potestate,
446 1710 502 1773 sed
529 1710 789 1790 Atheniensium
823 1729 921 1791 quare
952 1729 1045 1773 sensu
1076 1707 1215 1772 aoristus
1244 1727 1295 1769 ex-

234 1821 381 1884 cluditur.
1276 1819 1280 1828 ’

342 1932 381 1995 In
416 1932 513 2015 longe
550 1934 694 2017 plurimis
730 1935 809 1999 locis
845 1933 925 1996 nihil
961 1931 1095 2016 amplius
1130 1948 1296 2013 possumus

148 2033 152 2044 ’
232 2041 368 2124 efficere,
395 2065 489 2127 quam
517 2052 553 2108 ut
575 2047 739 2131 propriam
761 2047 835 2127 vim,
862 2065 956 2128 quam
978 2050 1146 2124 utrumque
1170 2048 1295 2123 tempus

232 2153 274 2216 ad
297 2156 489 2220 sententiam
511 2158 617 2239 habet,
640 2159 861 2241 significemus,
885 2177 980 2240 quom
1003 2161 1153 2218 neutrum
1169 2157 1295 2232 tempus

233 2265 371 2328 alienum
397 2267 448 2330 sit.
493 2268 548 2333 olr.
572 2270 657 2332 VIII
678 2270 729 2350 44,
756 2269 865 2332 2Vat
892 2267 1015 2352 ἔφυγον
1044 2264 1130 2347 vulg.
1154 2262 1295 2346 ε”σεογον

233 2377 427 2460 (coeperunt
463 2378 590 2463 fugere)
628 2380 713 2445 VIII
753 2381 787 2461 9,
827 2382 841 2443 1
881 2379 949 2442 vat
985 2375 1171 2470 ᾐσθάνοντο
1207 2373 1293 2456 vulg.

233 2485 375 2583 ᾔσθοντο
409 2489 459 2551 VI
493 2490 565 2554 104.
608 2491 692 2574 VHJ
727 2493 766 2556 27
801 2492 870 2554 Vat
902 2490 1228 2574 παρεσκευασμένους
1260 2491 1294 2548 ct

233 2603 557 2684 παρεσκευασμένοις,
581 2603 667 2686 vulg.
691 2604 1045 2687 παρασκευασαμένους
1067 2605 1100 2662 et
1116 2616 1294 2680 παρασκευ-
1405 2685 1406 2692 ¹

234 2715 423 2795 ασαμένοις.

337 2823 375 2886 lu
405 2823 501 2887 miras
529 2827 671 2907 argutias
701 2827 769 2890 abit
792 2825 961 2890 Olassenus
989 2823 1076 2906 quod
1102 2821 1170 2886 VII
1203 2819 1291 2899 18,1

232 2931 458 3019 [Ἀλκιβιάδης
493 2936 645 3002 ἐδίδασκε
678 2935 735 3023 τὴν
769 2937 948 3002 Δεκέλειαν
981 2934 1130 3017 τειχίζειν
1163 2938 1217 2996 καὶ
1250 2929 1294 3017 μὴ

232 3043 362 3108 ἀνιέναι
397 3044 455 3110 τὸν
489 3046 649 3132 πόλεμον]
682 3049 775 3132 ponit
808 3049 919 3114 aoristi
952 3047 1111 3111 infinitivo
1148 3042 1289 3119 ἀνεῖναι,

232 3177 325 3239 quem
348 3157 525 3221 Vaticanus
553 3159 665 3240 habet,
692 3158 798 3241 aptius
825 3159 949 3224 intendi
971 3157 1194 3222 necessitatem
1217 3155 1294 3218 belli

197 3323 201 3330 .
231 3267 444 3350 persequendi
468 3269 536 3331 VlI
558 3269 608 3351 85,
633 3271 649 3333 1
675 3270 743 3355 [καὶ
770 3267 872 3357 ἑαυτῷ
896 3274 958 3352 μὲν
980 3272 1124 3353 χρῆσθαι
1148 3266 1294 3332 ἐκέλευεν

232 3378 359 3443 ἐκεῖνόν
381 3403 414 3442 τε
436 3361 795 3465 καῖἦαιιευαιμονίους
816 3381 865 3446 ὄτι
886 3379 1075 3464 βούλονται]
1091 3381 1293 3466 χρήσασθαι,

232 3509 313 3572 quae
335 3497 385 3554 est
407 3491 567 3574 scriptura
583 3491 742 3572 Vaticani,
765 3493 866 3575 magis
881 3513 976 3574 quam
991 3495 1136 3578 χρῆσθαι
1150 3490 1293 3554 indicare

232 3621 286 3664 eas
316 3601 491 3683 angustias,
522 3603 555 3665 in
585 3604 698 3685 quibus
728 3610 799 3667 erat
824 3602 947 3685 Nicias,
974 3625 1070 3686 quom
1096 3623 1129 3666 se
1157 3622 1292 3684 suosque
1382 3603 1385 3608 '

235 3711 375 3796 Gylippo
407 3721 478 3776 erat
505 3715 693 3796 traditurus;
728 3714 813 3777 VIII
838 3716 887 3797 81,
918 3718 934 3778 1
968 3711 1098 3800 (ἐπειδὴ
1126 3717 1292 3798 μετέστησε

232 3822 272 3886 τὰ
299 3825 485 3908 πράγματα,
518 3824 594 3900 digus
626 3826 779 3906 κατάγειν
806 3823 1040 3911 Ἀλκιβιάδην)
1070 3825 1104 3888 in
1133 3825 1291 3889 infinItivo

232 3934 344 3997 aoristi
367 3949 572 4016 καταγαγεῖν,
609 3958 701 4019 quem
725 3937 892 4001 Olassenus
915 3957 955 4000 ex
983 3938 1143 4001 Vaticano
1168 3937 1200 4000 in
1222 3957 1291 4000 ver-

231 4046 344 4108 borum
371 4054 555 4111 contextum
579 4048 719 4132 reponit,
750 4049 853 4112 inesse
881 4051 1074 4132 gravitatem
1104 4056 1138 4113 et
1159 4049 1292 4113 necessi·

232 4163 332 4222 tatem
355 4157 533 4222 Alcibiadis
555 4160 739 4224 revocandi.
