<?xml version="1.0" encoding="UTF-8"?>
<!DOCTYPE html PUBLIC "-//W3C//DTD XHTML 1.0 Transitional//EN"
    "http://www.w3.org/TR/xhtml1/DTD/xhtml1-transitional.dtd">
<html xmlns="http://www.w3.org/1999/xhtml" xml:lang="en" lang="en">
 <head>
  <title>
</title>
<meta http-equiv="Content-Type" content="text/html;charset=utf-8" />
  <meta name='ocr-system' content='tesseract 3.04.00' />
  <meta name='ocr-capabilities' content='ocr_page ocr_carea ocr_par ocr_line ocrx_word'/>
</head>
<body>
  <div class='ocr_page' id='page_1' title='image "./devaticanicodic00eggegoog_0044.png"; bbox 0 0 3038 4760; ppageno 0'>
   <div class='ocr_carea' id='block_1_1' title="bbox 660 569 841 633">
    <p class='ocr_par' dir='ltr' id='par_1_1' title="bbox 660 569 841 633">
     <span class='ocr_line' id='line_1_1' title="bbox 660 569 841 633; baseline 0.022 -4"><span class='ocrx_word' id='word_1_1' title='bbox 660 569 841 633; x_wconf 82' lang='lat'><strong>.-37-—</strong></span> 
     </span>
    </p>
   </div>
   <div class='ocr_carea' id='block_1_2' title="bbox 165 745 1284 1396">
    <p class='ocr_par' dir='ltr' id='par_1_2' title="bbox 165 745 1284 1172">
     <span class='ocr_line' id='line_1_2' title="bbox 165 745 1284 842; baseline 0.007 -26"><span class='ocrx_word' id='word_1_2' title='bbox 165 745 200 789; x_wconf 62' lang='lat'>&#39;¹</span> <span class='ocrx_word' id='word_1_3' title='bbox 227 754 323 819; x_wconf 83' lang='lat' dir='ltr'>suerit</span> <span class='ocrx_word' id='word_1_4' title='bbox 355 755 566 838; x_wconf 86' lang='lat' dir='ltr'>Thucydides</span> <span class='ocrx_word' id='word_1_5' title='bbox 612 756 725 838; x_wconf 88' lang='lat' dir='ltr'>Itaque</span> <span class='ocrx_word' id='word_1_6' title='bbox 758 777 880 839; x_wconf 80' lang='lat' dir='ltr'>repono</span> <span class='ocrx_word' id='word_1_7' title='bbox 912 756 949 820; x_wconf 77' lang='grc' dir='ltr'>ἐν</span> <span class='ocrx_word' id='word_1_8' title='bbox 978 758 1167 842; x_wconf 72' lang='grc' dir='ltr'><strong><em>Ναυπάκτῳ</em></strong></span> <span class='ocrx_word' id='word_1_9' title='bbox 1201 759 1284 824; x_wconf 82' lang='lat' dir='ltr'>unde</span> 
     </span>
     <span class='ocr_line' id='line_1_3' title="bbox 227 865 1284 954; baseline 0.007 -27"><span class='ocrx_word' id='word_1_10' title='bbox 227 865 319 938; x_wconf 87' lang='lat' dir='ltr'>facile</span> <span class='ocrx_word' id='word_1_11' title='bbox 342 866 377 928; x_wconf 84' lang='grc' dir='ltr'>εἰι</span> <span class='ocrx_word' id='word_1_12' title='bbox 393 870 593 932; x_wconf 79' lang='grc' dir='ltr'><strong><em>Ναυπάκτου</em></strong></span> <span class='ocrx_word' id='word_1_13' title='bbox 616 868 657 930; x_wconf 87' lang='lat' dir='ltr'>ad</span> <span class='ocrx_word' id='word_1_14' title='bbox 681 867 944 954; x_wconf 68' lang='grc' dir='ltr'>παρελήφθησαν</span> <span class='ocrx_word' id='word_1_15' title='bbox 961 869 1166 950; x_wconf 87' lang='lat' dir='ltr'>intellegitur,</span> <span class='ocrx_word' id='word_1_16' title='bbox 1189 890 1284 951; x_wconf 88' lang='lat' dir='ltr'>quom</span> 
     </span>
     <span class='ocr_line' id='line_1_4' title="bbox 228 978 1278 1064; baseline 0.005 -25"><span class='ocrx_word' id='word_1_17' title='bbox 228 985 475 1041; x_wconf 86' lang='lat' dir='ltr'>consentaneum</span> <span class='ocrx_word' id='word_1_18' title='bbox 515 980 557 1042; x_wconf 90' lang='lat' dir='ltr'>sit</span> <span class='ocrx_word' id='word_1_19' title='bbox 597 978 789 1059; x_wconf 77' lang='lat' dir='ltr'>nlessenios,</span> <span class='ocrx_word' id='word_1_20' title='bbox 831 980 885 1062; x_wconf 88' lang='lat' dir='ltr'>qui</span> <span class='ocrx_word' id='word_1_21' title='bbox 926 979 1086 1064; x_wconf 79' lang='lat' dir='ltr'>Naupacti</span> <span class='ocrx_word' id='word_1_22' title='bbox 1130 981 1278 1044; x_wconf 86' lang='lat' dir='ltr'>habitant</span> 
     </span>
     <span class='ocr_line' id='line_1_5' title="bbox 227 1087 578 1172; baseline 0.011 -23"><span class='ocrx_word' id='word_1_23' title='bbox 227 1087 395 1172; x_wconf 79' lang='lat' dir='ltr'>Naupacto</span> <span class='ocrx_word' id='word_1_24' title='bbox 418 1091 578 1155; x_wconf 84' lang='lat' dir='ltr'>arcessiri..</span> 
     </span>
    </p>

    <p class='ocr_par' dir='ltr' id='par_1_3' title="bbox 228 1185 1283 1396">
     <span class='ocr_line' id='line_1_6' title="bbox 333 1185 1283 1286; baseline 0.002 -22"><span class='ocrx_word' id='word_1_25' title='bbox 333 1200 452 1264; x_wconf 84' lang='lat' dir='ltr'>Crebro</span> <span class='ocrx_word' id='word_1_26' title='bbox 476 1201 508 1264; x_wconf 91' lang='lat' dir='ltr'>in</span> <span class='ocrx_word' id='word_1_27' title='bbox 531 1223 593 1264; x_wconf 89' lang='lat' dir='ltr'>una</span> <span class='ocrx_word' id='word_1_28' title='bbox 611 1204 797 1266; x_wconf 78' lang='lat' dir='ltr'>recensione</span> <span class='ocrx_word' id='word_1_29' title='bbox 812 1203 942 1265; x_wconf 87' lang='lat' dir='ltr'>verbum</span> <span class='ocrx_word' id='word_1_30' title='bbox 958 1222 1028 1266; x_wconf 92' lang='lat' dir='ltr'>cum</span> <span class='ocrx_word' id='word_1_31' title='bbox 1044 1185 1283 1286; x_wconf 78' lang='lat' dir='ltr'>praepositione</span> 
     </span>
     <span class='ocr_line' id='line_1_7' title="bbox 228 1312 1110 1396; baseline 0.003 -21"><span class='ocrx_word' id='word_1_32' title='bbox 228 1313 436 1394; x_wconf 89' lang='lat' dir='ltr'>compositum</span> <span class='ocrx_word' id='word_1_33' title='bbox 459 1312 611 1392; x_wconf 84' lang='lat' dir='ltr'>invenias,</span> <span class='ocrx_word' id='word_1_34' title='bbox 634 1313 667 1375; x_wconf 91' lang='lat' dir='ltr'>in</span> <span class='ocrx_word' id='word_1_35' title='bbox 690 1313 792 1376; x_wconf 86' lang='lat' dir='ltr'>altera</span> <span class='ocrx_word' id='word_1_36' title='bbox 814 1313 947 1396; x_wconf 81' lang='lat' dir='ltr'>simplex</span> <span class='ocrx_word' id='word_1_37' title='bbox 970 1315 1110 1378; x_wconf 83' lang='lat' dir='ltr'>verbum.</span> 
     </span>
    </p>
   </div>
   <div class='ocr_carea' id='block_1_3' title="bbox 333 1389 1285 1508">
    <p class='ocr_par' dir='ltr' id='par_1_4' title="bbox 333 1389 1285 1508">
     <span class='ocr_line' id='line_1_8' title="bbox 333 1389 1285 1508; baseline 0.002 -24"><span class='ocrx_word' id='word_1_38' title='bbox 333 1423 417 1485; x_wconf 74' lang='lat' dir='ltr'>uun</span> <span class='ocrx_word' id='word_1_39' title='bbox 445 1423 495 1504; x_wconf 78' lang='grc' dir='ltr'>ου,</span> <span class='ocrx_word' id='word_1_40' title='bbox 525 1425 541 1486; x_wconf 91' lang='lat'>1</span> <span class='ocrx_word' id='word_1_41' title='bbox 573 1472 580 1487; x_wconf 92' lang='lat'>.</span> <span class='ocrx_word' id='word_1_42' title='bbox 607 1471 614 1488; x_wconf 94' lang='lat'>.</span> <span class='ocrx_word' id='word_1_43' title='bbox 640 1472 682 1488; x_wconf 92' lang='lat'>..</span> <span class='ocrx_word' id='word_1_44' title='bbox 719 1423 801 1488; x_wconf 64' lang='grc' dir='ltr'>ἐπα</span> <span class='ocrx_word' id='word_1_45' title='bbox 836 1431 889 1488; x_wconf 73' lang='grc' dir='ltr'>κα</span> <span class='ocrx_word' id='word_1_46' title='bbox 922 1427 1029 1491; x_wconf 62' lang='grc' dir='ltr'><strong><em>αισα·</em></strong></span> <span class='ocrx_word' id='word_1_47' title='bbox 1058 1427 1130 1507; x_wconf 65' lang='grc' dir='ltr'>νῆες</span> <span class='ocrx_word' id='word_1_48' title='bbox 1162 1389 1285 1508; x_wconf 58' lang='lat' dir='ltr'>caasa</span> 
     </span>
    </p>
   </div>
   <div class='ocr_carea' id='block_1_4' title="bbox 227 1515 1364 4294">
    <p class='ocr_par' dir='ltr' id='par_1_5' title="bbox 227 1515 1292 1952">
     <span class='ocr_line' id='line_1_9' title="bbox 228 1515 1285 1623; baseline 0.004 -29"><span class='ocrx_word' id='word_1_49' title='bbox 228 1531 349 1596; x_wconf 81' lang='grc' dir='ltr'><strong><em>ἔπλεον</em></strong></span> <span class='ocrx_word' id='word_1_50' title='bbox 372 1532 426 1596; x_wconf 74' lang='grc' dir='ltr'>ἐπὶ</span> <span class='ocrx_word' id='word_1_51' title='bbox 445 1538 572 1609; x_wconf 81' lang='grc' dir='ltr'><strong><em>Τιονίας</em></strong></span> <span class='ocrx_word' id='word_1_52' title='bbox 594 1541 667 1619; x_wconf 78' lang='grc' dir='ltr'><strong><em>περὶ</em></strong></span> <span class='ocrx_word' id='word_1_53' title='bbox 689 1515 781 1617; x_wconf 73' lang='grc' dir='ltr'><strong><em>ὴλάου</em></strong></span> <span class='ocrx_word' id='word_1_54' title='bbox 796 1535 928 1616; x_wconf 77' lang='grc' dir='ltr'>τροπάς,</span> <span class='ocrx_word' id='word_1_55' title='bbox 950 1541 1003 1598; x_wconf 77' lang='grc' dir='ltr'>καὶ</span> <span class='ocrx_word' id='word_1_56' title='bbox 1019 1536 1131 1618; x_wconf 87' lang='grc' dir='ltr'>άρχοιν</span> <span class='ocrx_word' id='word_1_57' title='bbox 1143 1534 1285 1623; x_wconf 64' lang='grc' dir='ltr'>λἐπέπλει</span> 
     </span>
     <span class='ocr_line' id='line_1_10' title="bbox 227 1642 1285 1731; baseline 0.001 -23"><span class='ocrx_word' id='word_1_58' title='bbox 227 1642 334 1708; x_wconf 72' lang='grc' dir='ltr'>αὐτῶν</span> <span class='ocrx_word' id='word_1_59' title='bbox 349 1642 560 1730; x_wconf 80' lang='grc' dir='ltr'>Ἀντισθένης</span> <span class='ocrx_word' id='word_1_60' title='bbox 574 1648 787 1731; x_wconf 78' lang='grc' dir='ltr'><em>Σπαρτιάτης.</em></span> <span class='ocrx_word' id='word_1_61' title='bbox 823 1646 891 1709; x_wconf 87' lang='lat' dir='ltr'>Vat</span> <span class='ocrx_word' id='word_1_62' title='bbox 911 1655 999 1710; x_wconf 83' lang='lat' dir='ltr'>recte</span> <span class='ocrx_word' id='word_1_63' title='bbox 1016 1647 1162 1711; x_wconf 78' lang='grc' dir='ltr'><strong><em>ἐπέπλει.</em></strong></span> <span class='ocrx_word' id='word_1_64' title='bbox 1202 1645 1285 1710; x_wconf 82' lang='lat' dir='ltr'>Nam</span> 
     </span>
     <span class='ocr_line' id='line_1_11' title="bbox 228 1757 1285 1842; baseline 0.003 -23"><span class='ocrx_word' id='word_1_65' title='bbox 228 1757 345 1820; x_wconf 85' lang='lat' dir='ltr'>omissa</span> <span class='ocrx_word' id='word_1_66' title='bbox 380 1758 619 1840; x_wconf 76' lang='lat' dir='ltr'>praepositione.</span> <span class='ocrx_word' id='word_1_67' title='bbox 653 1757 708 1820; x_wconf 70' lang='grc' dir='ltr'>ἐπὶ</span> <span class='ocrx_word' id='word_1_68' title='bbox 741 1757 866 1820; x_wconf 87' lang='lat' dir='ltr'>tollitur</span> <span class='ocrx_word' id='word_1_69' title='bbox 897 1758 1077 1820; x_wconf 88' lang='lat' dir='ltr'>necessaria</span> <span class='ocrx_word' id='word_1_70' title='bbox 1112 1759 1285 1842; x_wconf 84' lang='lat' dir='ltr'>oppositi0‚</span> 
     </span>
     <span class='ocr_line' id='line_1_12' title="bbox 227 1856 1292 1952; baseline 0.001 -21"><span class='ocrx_word' id='word_1_71' title='bbox 227 1887 289 1950; x_wconf 89' lang='lat' dir='ltr'>qua</span> <span class='ocrx_word' id='word_1_72' title='bbox 310 1868 484 1951; x_wconf 87' lang='lat' dir='ltr'>respondet</span> <span class='ocrx_word' id='word_1_73' title='bbox 507 1867 645 1934; x_wconf 70' lang='grc' dir='ltr'><strong><em>ἐπέπλει</em></strong></span> <span class='ocrx_word' id='word_1_74' title='bbox 668 1869 872 1952; x_wconf 89' lang='lat' dir='ltr'>praecedenti</span> <span class='ocrx_word' id='word_1_75' title='bbox 897 1867 1001 1932; x_wconf 84' lang='grc' dir='ltr'><strong><em>ἔπλει.</em></strong></span> <span class='ocrx_word' id='word_1_76' title='bbox 1287 1856 1292 1862; x_wconf 60' lang='grc'><strong><em>’</em></strong></span> 
     </span>
    </p>

    <p class='ocr_par' dir='ltr' id='par_1_6' title="bbox 227 1978 1328 2846">
     <span class='ocr_line' id='line_1_13' title="bbox 333 1978 1287 2066; baseline 0 -24"><span class='ocrx_word' id='word_1_77' title='bbox 333 1980 400 2043; x_wconf 88' lang='lat' dir='ltr'>VII</span> <span class='ocrx_word' id='word_1_78' title='bbox 422 1979 515 2060; x_wconf 76' lang='lat'>37‚2</span> <span class='ocrx_word' id='word_1_79' title='bbox 546 1978 580 2044; x_wconf 77' lang='grc' dir='ltr'>αὶ</span> <span class='ocrx_word' id='word_1_80' title='bbox 611 1980 647 2043; x_wconf 73' lang='grc' dir='ltr'>δὲ</span> <span class='ocrx_word' id='word_1_81' title='bbox 677 1985 750 2066; x_wconf 76' lang='grc' dir='ltr'>νῆες</span> <span class='ocrx_word' id='word_1_82' title='bbox 775 1978 855 2064; x_wconf 83' lang='grc' dir='ltr'><strong><em>μετὰ</em></strong></span> <span class='ocrx_word' id='word_1_83' title='bbox 882 1983 974 2044; x_wconf 78' lang='grc' dir='ltr'><strong><em>τοῦτο</em></strong></span> <span class='ocrx_word' id='word_1_84' title='bbox 1003 1978 1103 2056; x_wconf 80' lang='grc' dir='ltr'><strong><em>εὐθὺς</em></strong></span> <span class='ocrx_word' id='word_1_85' title='bbox 1131 1980 1287 2057; x_wconf 75' lang='grc' dir='ltr'>ἐξέπλεον</span> 
     </span>
     <span class='ocr_line' id='line_1_14' title="bbox 227 2079 1286 2174; baseline -0.004 -19"><span class='ocrx_word' id='word_1_86' title='bbox 227 2095 291 2155; x_wconf 86' lang='grc' dir='ltr'>τῶν</span> <span class='ocrx_word' id='word_1_87' title='bbox 318 2079 525 2174; x_wconf 79' lang='grc' dir='ltr'><strong><em>Συρακοσίων</em></strong></span> <span class='ocrx_word' id='word_1_88' title='bbox 552 2097 605 2154; x_wconf 80' lang='grc' dir='ltr'>καὶ</span> <span class='ocrx_word' id='word_1_89' title='bbox 634 2093 822 2174; x_wconf 81' lang='grc' dir='ltr'><strong><em>ξυμμάχων.</em></strong></span> <span class='ocrx_word' id='word_1_90' title='bbox 868 2091 936 2154; x_wconf 91' lang='lat' dir='ltr'>Vat</span> <span class='ocrx_word' id='word_1_91' title='bbox 959 2091 1168 2171; x_wconf 79' lang='grc' dir='ltr'><strong><em>ἐπεξέπλεον,</em></strong></span> <span class='ocrx_word' id='word_1_92' title='bbox 1200 2090 1286 2172; x_wconf 89' lang='lat' dir='ltr'>quod</span> 
     </span>
     <span class='ocr_line' id='line_1_15' title="bbox 227 2197 1328 2296; baseline -0.001 -31"><span class='ocrx_word' id='word_1_93' title='bbox 227 2205 358 2296; x_wconf 81' lang='lat' dir='ltr'>verbum</span> <span class='ocrx_word' id='word_1_94' title='bbox 374 2224 562 2284; x_wconf 87' lang='lat' dir='ltr'>quamquam</span> <span class='ocrx_word' id='word_1_95' title='bbox 578 2203 663 2286; x_wconf 89' lang='lat' dir='ltr'>apud</span> <span class='ocrx_word' id='word_1_96' title='bbox 679 2203 828 2266; x_wconf 86' lang='lat' dir='ltr'>classicos</span> <span class='ocrx_word' id='word_1_97' title='bbox 843 2203 1016 2285; x_wconf 86' lang='lat' dir='ltr'>scriptores</span> <span class='ocrx_word' id='word_1_98' title='bbox 1031 2202 1118 2266; x_wconf 92' lang='lat' dir='ltr'>nullo</span> <span class='ocrx_word' id='word_1_99' title='bbox 1135 2203 1198 2265; x_wconf 90' lang='lat' dir='ltr'>alio</span> <span class='ocrx_word' id='word_1_100' title='bbox 1213 2202 1285 2264; x_wconf 91' lang='lat' dir='ltr'>loco</span> <span class='ocrx_word' id='word_1_101' title='bbox 1325 2197 1328 2202; x_wconf 57' lang='lat'><em>&#39;</em></span> 
     </span>
     <span class='ocr_line' id='line_1_16' title="bbox 228 2312 1284 2398; baseline -0.003 -19"><span class='ocrx_word' id='word_1_102' title='bbox 228 2321 342 2395; x_wconf 82' lang='lat' dir='ltr'>exstat,</span> <span class='ocrx_word' id='word_1_103' title='bbox 365 2322 471 2378; x_wconf 89' lang='lat' dir='ltr'>tamen</span> <span class='ocrx_word' id='word_1_104' title='bbox 487 2316 642 2398; x_wconf 89' lang='lat' dir='ltr'>probatur</span> <span class='ocrx_word' id='word_1_105' title='bbox 658 2316 863 2379; x_wconf 86' lang='lat' dir='ltr'>similitudine</span> <span class='ocrx_word' id='word_1_106' title='bbox 880 2315 1071 2379; x_wconf 84' lang='lat' dir='ltr'>substantivi</span> <span class='ocrx_word' id='word_1_107' title='bbox 1090 2312 1284 2388; x_wconf 78' lang='grc' dir='ltr'><strong><em>ἐπέκπλοος,</em></strong></span> 
     </span>
     <span class='ocr_line' id='line_1_17' title="bbox 228 2425 1285 2510; baseline -0.005 -19"><span class='ocrx_word' id='word_1_108' title='bbox 228 2429 313 2510; x_wconf 90' lang='lat' dir='ltr'>quod</span> <span class='ocrx_word' id='word_1_109' title='bbox 340 2448 404 2490; x_wconf 90' lang='lat' dir='ltr'>non</span> <span class='ocrx_word' id='word_1_110' title='bbox 434 2427 536 2489; x_wconf 88' lang='lat' dir='ltr'>minus</span> <span class='ocrx_word' id='word_1_111' title='bbox 564 2427 724 2508; x_wconf 86' lang='lat' dir='ltr'>singulare</span> <span class='ocrx_word' id='word_1_112' title='bbox 748 2429 831 2490; x_wconf 87' lang='lat' dir='ltr'>VIII</span> <span class='ocrx_word' id='word_1_113' title='bbox 854 2429 904 2509; x_wconf 77' lang='lat'>20,</span> <span class='ocrx_word' id='word_1_114' title='bbox 929 2430 944 2491; x_wconf 88' lang='lat'>1</span> <span class='ocrx_word' id='word_1_115' title='bbox 976 2427 1114 2491; x_wconf 89' lang='lat' dir='ltr'>omnium</span> <span class='ocrx_word' id='word_1_116' title='bbox 1142 2425 1285 2488; x_wconf 89' lang='lat' dir='ltr'>codicum</span> 
     </span>
     <span class='ocr_line' id='line_1_18' title="bbox 230 2537 1286 2620; baseline -0.004 -18"><span class='ocrx_word' id='word_1_117' title='bbox 230 2539 414 2602; x_wconf 88' lang='lat' dir='ltr'>testimonio</span> <span class='ocrx_word' id='word_1_118' title='bbox 447 2537 568 2600; x_wconf 87' lang='lat' dir='ltr'>nititur.</span> <span class='ocrx_word' id='word_1_119' title='bbox 625 2540 772 2620; x_wconf 85' lang='lat' dir='ltr'>Apparet</span> <span class='ocrx_word' id='word_1_120' title='bbox 805 2547 911 2601; x_wconf 87' lang='lat' dir='ltr'>autem</span> <span class='ocrx_word' id='word_1_121' title='bbox 948 2545 983 2601; x_wconf 90' lang='lat' dir='ltr'>ut</span> <span class='ocrx_word' id='word_1_122' title='bbox 1017 2538 1053 2614; x_wconf 76' lang='grc' dir='ltr'>ἐξ</span> <span class='ocrx_word' id='word_1_123' title='bbox 1086 2538 1127 2600; x_wconf 90' lang='lat' dir='ltr'>ad</span> <span class='ocrx_word' id='word_1_124' title='bbox 1159 2545 1286 2615; x_wconf 87' lang='lat' dir='ltr'>terram,</span> 
     </span>
     <span class='ocr_line' id='line_1_19' title="bbox 229 2649 1288 2733; baseline -0.001 -21"><span class='ocrx_word' id='word_1_125' title='bbox 229 2651 313 2712; x_wconf 87' lang='lat' dir='ltr'>unde</span> <span class='ocrx_word' id='word_1_126' title='bbox 343 2649 520 2713; x_wconf 80' lang='lat' dir='ltr'>evehuntur</span> <span class='ocrx_word' id='word_1_127' title='bbox 549 2649 593 2712; x_wconf 90' lang='lat' dir='ltr'>sic</span> <span class='ocrx_word' id='word_1_128' title='bbox 620 2650 678 2714; x_wconf 76' lang='grc' dir='ltr'>ἐπί</span> <span class='ocrx_word' id='word_1_129' title='bbox 707 2656 782 2732; x_wconf 89' lang='lat' dir='ltr'>apte</span> <span class='ocrx_word' id='word_1_130' title='bbox 809 2657 955 2733; x_wconf 89' lang='lat' dir='ltr'>spectare</span> <span class='ocrx_word' id='word_1_131' title='bbox 984 2650 1025 2714; x_wconf 89' lang='lat' dir='ltr'>ad</span> <span class='ocrx_word' id='word_1_132' title='bbox 1052 2650 1173 2723; x_wconf 90' lang='lat' dir='ltr'>hostes,</span> <span class='ocrx_word' id='word_1_133' title='bbox 1208 2668 1288 2730; x_wconf 91' lang='lat' dir='ltr'>quos</span> 
     </span>
     <span class='ocr_line' id='line_1_20' title="bbox 230 2761 730 2846; baseline -0.004 -20"><span class='ocrx_word' id='word_1_134' title='bbox 230 2761 419 2846; x_wconf 84' lang='lat' dir='ltr'>Syracusani</span> <span class='ocrx_word' id='word_1_135' title='bbox 443 2768 516 2824; x_wconf 90' lang='lat' dir='ltr'>sunt</span> <span class='ocrx_word' id='word_1_136' title='bbox 538 2762 730 2843; x_wconf 81' lang='lat' dir='ltr'>aggressuri.</span> 
     </span>
    </p>

    <p class='ocr_par' dir='ltr' id='par_1_7' title="bbox 230 2866 1364 3513">
     <span class='ocr_line' id='line_1_21' title="bbox 336 2866 1289 2960; baseline -0.004 -26"><span class='ocrx_word' id='word_1_137' title='bbox 336 2872 402 2934; x_wconf 81' lang='lat' dir='ltr'>VII</span> <span class='ocrx_word' id='word_1_138' title='bbox 424 2871 474 2950; x_wconf 78' lang='lat'>57,</span> <span class='ocrx_word' id='word_1_139' title='bbox 497 2872 517 2934; x_wconf 88' lang='lat'>6</span> <span class='ocrx_word' id='word_1_140' title='bbox 539 2872 653 2936; x_wconf 83' lang='grc' dir='ltr'><strong><em>Ρόάιοι</em></strong></span> <span class='ocrx_word' id='word_1_141' title='bbox 678 2873 713 2937; x_wconf 77' lang='grc' dir='ltr'>δὲ</span> <span class='ocrx_word' id='word_1_142' title='bbox 735 2879 790 2947; x_wconf 74' lang='grc' dir='ltr'>καὶ</span> <span class='ocrx_word' id='word_1_143' title='bbox 815 2875 999 2960; x_wconf 76' lang='grc' dir='ltr'><strong><em>Κυθήριοι.</em></strong></span> <span class='ocrx_word' id='word_1_144' title='bbox 1026 2920 1033 2935; x_wconf 93' lang='grc'><strong>.</strong></span> <span class='ocrx_word' id='word_1_145' title='bbox 1060 2920 1068 2936; x_wconf 90' lang='grc'><strong>.</strong></span> <span class='ocrx_word' id='word_1_146' title='bbox 1094 2866 1126 2934; x_wconf 77' lang='grc' dir='ltr'>οἷ</span> <span class='ocrx_word' id='word_1_147' title='bbox 1149 2872 1209 2951; x_wconf 74' lang='grc' dir='ltr'>μὲν</span> <span class='ocrx_word' id='word_1_148' title='bbox 1233 2867 1289 2932; x_wconf 78' lang='grc' dir='ltr'>ἐπὶ</span> 
     </span>
     <span class='ocr_line' id='line_1_22' title="bbox 230 2979 1288 3069; baseline -0.006 -21"><span class='ocrx_word' id='word_1_149' title='bbox 230 2984 515 3067; x_wconf 81' lang='grc' dir='ltr'>Λακεδαιμονίους</span> <span class='ocrx_word' id='word_1_150' title='bbox 536 2981 611 3058; x_wconf 83' lang='grc' dir='ltr'><strong><em>τοὺς</em></strong></span> <span class='ocrx_word' id='word_1_151' title='bbox 633 2984 703 3067; x_wconf 82' lang='grc' dir='ltr'>ἅμα</span> <span class='ocrx_word' id='word_1_152' title='bbox 718 2984 876 3068; x_wconf 72' lang='grc' dir='ltr'>Γυλίππου</span> <span class='ocrx_word' id='word_1_153' title='bbox 891 2983 972 3067; x_wconf 80' lang='grc' dir='ltr'><strong><em>μετὰ</em></strong></span> <span class='ocrx_word' id='word_1_154' title='bbox 988 2982 1181 3069; x_wconf 70' lang='grc' dir='ltr'>Ἀθηναίων</span> <span class='ocrx_word' id='word_1_155' title='bbox 1199 2979 1288 3044; x_wconf 84' lang='grc' dir='ltr'><strong><em>ὅπλα</em></strong></span> 
     </span>
     <span class='ocr_line' id='line_1_23' title="bbox 231 3092 1287 3178; baseline -0.006 -20"><span class='ocrx_word' id='word_1_156' title='bbox 231 3095 359 3178; x_wconf 67' lang='grc' dir='ltr'>ἔφερον.</span> <span class='ocrx_word' id='word_1_157' title='bbox 420 3095 486 3157; x_wconf 88' lang='lat' dir='ltr'>Vat</span> <span class='ocrx_word' id='word_1_158' title='bbox 528 3093 702 3177; x_wconf 72' lang='grc' dir='ltr'><strong><em>ἐπέφερον.</em></strong></span> <span class='ocrx_word' id='word_1_159' title='bbox 763 3095 892 3159; x_wconf 89' lang='lat' dir='ltr'>Volutis</span> <span class='ocrx_word' id='word_1_160' title='bbox 934 3094 1046 3157; x_wconf 82' lang='lat' dir='ltr'>lexicis</span> <span class='ocrx_word' id='word_1_161' title='bbox 1083 3092 1287 3175; x_wconf 85' lang='lat' dir='ltr'>cognoscitur</span> 
     </span>
     <span class='ocr_line' id='line_1_24' title="bbox 230 3202 1288 3290; baseline -0.008 -18"><span class='ocrx_word' id='word_1_162' title='bbox 230 3205 317 3272; x_wconf 87' lang='grc' dir='ltr'><strong><em>ὅπλα</em></strong></span> <span class='ocrx_word' id='word_1_163' title='bbox 346 3210 458 3290; x_wconf 78' lang='grc' dir='ltr'><strong><em>φέρειν</em></strong></span> <span class='ocrx_word' id='word_1_164' title='bbox 485 3207 548 3269; x_wconf 92' lang='lat' dir='ltr'>dici</span> <span class='ocrx_word' id='word_1_165' title='bbox 575 3207 614 3268; x_wconf 89' lang='lat' dir='ltr'>de</span> <span class='ocrx_word' id='word_1_166' title='bbox 642 3227 693 3287; x_wconf 85' lang='lat' dir='ltr'>eo,</span> <span class='ocrx_word' id='word_1_167' title='bbox 722 3208 775 3288; x_wconf 90' lang='lat' dir='ltr'>qui</span> <span class='ocrx_word' id='word_1_168' title='bbox 805 3207 900 3270; x_wconf 86' lang='lat' dir='ltr'>armis</span> <span class='ocrx_word' id='word_1_169' title='bbox 927 3205 1056 3268; x_wconf 89' lang='lat' dir='ltr'>indutus</span> <span class='ocrx_word' id='word_1_170' title='bbox 1078 3211 1135 3284; x_wconf 84' lang='lat' dir='ltr'>est,</span> <span class='ocrx_word' id='word_1_171' title='bbox 1159 3224 1224 3266; x_wconf 90' lang='lat' dir='ltr'>non</span> <span class='ocrx_word' id='word_1_172' title='bbox 1249 3202 1288 3264; x_wconf 89' lang='lat' dir='ltr'>de</span> 
     </span>
     <span class='ocr_line' id='line_1_25' title="bbox 231 3313 1285 3402; baseline -0.006 -20"><span class='ocrx_word' id='word_1_173' title='bbox 231 3339 278 3399; x_wconf 83' lang='lat' dir='ltr'>ec⁷</span> <span class='ocrx_word' id='word_1_174' title='bbox 313 3319 366 3400; x_wconf 94' lang='lat' dir='ltr'>qui</span> <span class='ocrx_word' id='word_1_175' title='bbox 396 3318 514 3381; x_wconf 91' lang='lat' dir='ltr'>bellum</span> <span class='ocrx_word' id='word_1_176' title='bbox 537 3317 653 3398; x_wconf 86' lang='lat' dir='ltr'>insert,</span> <span class='ocrx_word' id='word_1_177' title='bbox 689 3339 782 3402; x_wconf 91' lang='lat' dir='ltr'>quem</span> <span class='ocrx_word' id='word_1_178' title='bbox 805 3339 930 3382; x_wconf 81' lang='lat' dir='ltr'>sensum</span> <span class='ocrx_word' id='word_1_179' title='bbox 958 3317 1074 3381; x_wconf 78' lang='lat' dir='ltr'>Graeci</span> <span class='ocrx_word' id='word_1_180' title='bbox 1097 3335 1161 3378; x_wconf 88' lang='lat' dir='ltr'>non</span> <span class='ocrx_word' id='word_1_181' title='bbox 1184 3313 1285 3395; x_wconf 83' lang='lat' dir='ltr'>magis</span> 
     </span>
     <span class='ocr_line' id='line_1_26' title="bbox 230 3428 1364 3513; baseline -0.006 -21"><span class='ocrx_word' id='word_1_182' title='bbox 230 3429 433 3512; x_wconf 85' lang='lat' dir='ltr'>subjecerunt</span> <span class='ocrx_word' id='word_1_183' title='bbox 454 3431 511 3492; x_wconf 91' lang='lat' dir='ltr'>sub</span> <span class='ocrx_word' id='word_1_184' title='bbox 535 3428 624 3492; x_wconf 85' lang='grc' dir='ltr'><strong><em>ὅπλα</em></strong></span> <span class='ocrx_word' id='word_1_185' title='bbox 647 3433 767 3513; x_wconf 75' lang='grc' dir='ltr'>φέρειν,</span> <span class='ocrx_word' id='word_1_186' title='bbox 792 3451 885 3512; x_wconf 88' lang='lat' dir='ltr'>quam</span> <span class='ocrx_word' id='word_1_187' title='bbox 908 3431 965 3493; x_wconf 87' lang='lat' dir='ltr'>sub</span> <span class='ocrx_word' id='word_1_188' title='bbox 989 3429 1135 3510; x_wconf 84' lang='grc' dir='ltr'><strong><em>πόλεμον</em></strong></span> <span class='ocrx_word' id='word_1_189' title='bbox 1157 3429 1281 3508; x_wconf 80' lang='grc' dir='ltr'>φέρειν.</span> <span class='ocrx_word' id='word_1_190' title='bbox 1361 3473 1364 3480; x_wconf 91' lang='grc'>.</span> 
     </span>
    </p>

    <p class='ocr_par' dir='ltr' id='par_1_8' title="bbox 230 3535 1291 4294">
     <span class='ocr_line' id='line_1_27' title="bbox 335 3535 1289 3621; baseline -0.004 -19"><span class='ocrx_word' id='word_1_191' title='bbox 335 3541 420 3604; x_wconf 86' lang='lat' dir='ltr'>VIII</span> <span class='ocrx_word' id='word_1_192' title='bbox 442 3541 470 3620; x_wconf 71' lang='lat'>2,</span> <span class='ocrx_word' id='word_1_193' title='bbox 493 3541 513 3603; x_wconf 89' lang='lat'><strong>3</strong></span> <span class='ocrx_word' id='word_1_194' title='bbox 543 3541 755 3621; x_wconf 81' lang='grc' dir='ltr'>πανοοχόθεν</span> <span class='ocrx_word' id='word_1_195' title='bbox 782 3542 812 3604; x_wconf 86' lang='lat' dir='ltr'>d&#39;</span> <span class='ocrx_word' id='word_1_196' title='bbox 834 3538 1003 3616; x_wconf 72' lang='grc' dir='ltr'><strong><em>εὐέλπιδες</em></strong></span> <span class='ocrx_word' id='word_1_197' title='bbox 1027 3539 1116 3612; x_wconf 80' lang='grc' dir='ltr'><em>ὄντες</em></span> <span class='ocrx_word' id='word_1_198' title='bbox 1139 3535 1289 3618; x_wconf 79' lang='grc' dir='ltr'><strong><em>ἀπροφα-</em></strong></span> 
     </span>
     <span class='ocr_line' id='line_1_28' title="bbox 232 3647 1287 3736; baseline -0.005 -22"><span class='ocrx_word' id='word_1_199' title='bbox 232 3656 344 3727; x_wconf 78' lang='grc' dir='ltr'><strong><em>σίστως</em></strong></span> <span class='ocrx_word' id='word_1_200' title='bbox 366 3653 533 3716; x_wconf 81' lang='grc' dir='ltr'><strong><em>ἅπτεσθαι</em></strong></span> <span class='ocrx_word' id='word_1_201' title='bbox 558 3653 745 3716; x_wconf 80' lang='grc' dir='ltr'>διενοουνοο</span> <span class='ocrx_word' id='word_1_202' title='bbox 769 3653 926 3736; x_wconf 79' lang='grc' dir='ltr'><strong><em>πολέμου,</em></strong></span> <span class='ocrx_word' id='word_1_203' title='bbox 952 3651 1155 3733; x_wconf 80' lang='grc' dir='ltr'><strong><em>λογιζόμενοι</em></strong></span> <span class='ocrx_word' id='word_1_204' title='bbox 1181 3647 1287 3720; x_wconf 82' lang='grc' dir='ltr'><strong><em>καλῶς</em></strong></span> 
     </span>
     <span class='ocr_line' id='line_1_29' title="bbox 230 3758 1289 3846; baseline -0.007 -20"><span class='ocrx_word' id='word_1_205' title='bbox 230 3763 474 3846; x_wconf 79' lang='grc' dir='ltr'>τελευιὴοανυος</span> <span class='ocrx_word' id='word_1_206' title='bbox 506 3761 606 3827; x_wconf 66' lang='lat' dir='ltr'>adcor</span> <span class='ocrx_word' id='word_1_207' title='bbox 640 3763 801 3826; x_wconf 72' lang='grc' dir='ltr'>κινδύνοιν</span> <span class='ocrx_word' id='word_1_208' title='bbox 834 3788 867 3826; x_wconf 81' lang='grc' dir='ltr'>τε</span> <span class='ocrx_word' id='word_1_209' title='bbox 898 3763 1039 3827; x_wconf 80' lang='grc' dir='ltr'>τοούιιον</span> <span class='ocrx_word' id='word_1_210' title='bbox 1071 3758 1289 3844; x_wconf 76' lang='grc' dir='ltr'><strong><em>ἀπηλλάχθαι</em></strong></span> 
     </span>
     <span class='ocr_line' id='line_1_30' title="bbox 232 3870 1291 3958; baseline -0.004 -22"><span class='ocrx_word' id='word_1_211' title='bbox 232 3875 274 3936; x_wconf 86' lang='grc' dir='ltr'>άν</span> <span class='ocrx_word' id='word_1_212' title='bbox 306 3872 341 3938; x_wconf 80' lang='grc' dir='ltr'>τὸ</span> <span class='ocrx_word' id='word_1_213' title='bbox 376 3875 504 3939; x_wconf 89' lang='grc' dir='ltr'><strong><em>λοιπόν.</em></strong></span> <span class='ocrx_word' id='word_1_214' title='bbox 552 3875 618 3937; x_wconf 79' lang='lat' dir='ltr'>Vat</span> <span class='ocrx_word' id='word_1_215' title='bbox 653 3873 925 3958; x_wconf 77' lang='grc' dir='ltr'>διαλογιζόμενοι.</span> <span class='ocrx_word' id='word_1_216' title='bbox 972 3873 1108 3938; x_wconf 87' lang='lat' dir='ltr'>Minoris</span> <span class='ocrx_word' id='word_1_217' title='bbox 1138 3870 1291 3934; x_wconf 89' lang='lat' dir='ltr'>momenti</span> 
     </span>
     <span class='ocr_line' id='line_1_31' title="bbox 232 3982 1288 4068; baseline -0.005 -20"><span class='ocrx_word' id='word_1_218' title='bbox 232 3993 294 4066; x_wconf 80' lang='lat' dir='ltr'>est,</span> <span class='ocrx_word' id='word_1_219' title='bbox 324 3986 408 4068; x_wconf 90' lang='lat' dir='ltr'>quod</span> <span class='ocrx_word' id='word_1_220' title='bbox 440 3986 687 4066; x_wconf 66' lang='grc' dir='ltr'><strong><em>διαλογίζεσθαι</em></strong></span> <span class='ocrx_word' id='word_1_221' title='bbox 719 3987 803 4068; x_wconf 91' lang='lat' dir='ltr'>apud</span> <span class='ocrx_word' id='word_1_222' title='bbox 835 3993 980 4049; x_wconf 86' lang='lat' dir='ltr'>oratores</span> <span class='ocrx_word' id='word_1_223' title='bbox 1009 3985 1134 4048; x_wconf 90' lang='lat' dir='ltr'>demum</span> <span class='ocrx_word' id='word_1_224' title='bbox 1160 3982 1288 4064; x_wconf 85' lang='lat' dir='ltr'>legitur,</span> 
     </span>
     <span class='ocr_line' id='line_1_32' title="bbox 230 4094 1289 4182; baseline -0.004 -22"><span class='ocrx_word' id='word_1_225' title='bbox 230 4119 294 4160; x_wconf 90' lang='lat' dir='ltr'>non</span> <span class='ocrx_word' id='word_1_226' title='bbox 317 4098 402 4181; x_wconf 75' lang='lat' dir='ltr'>apud</span> <span class='ocrx_word' id='word_1_227' title='bbox 424 4099 526 4182; x_wconf 90' lang='lat' dir='ltr'>ipsum</span> <span class='ocrx_word' id='word_1_228' title='bbox 542 4098 769 4180; x_wconf 81' lang='lat' dir='ltr'>Thucydidem.</span> <span class='ocrx_word' id='word_1_229' title='bbox 809 4095 873 4174; x_wconf 87' lang='lat' dir='ltr'>Sed</span> <span class='ocrx_word' id='word_1_230' title='bbox 889 4095 968 4158; x_wconf 92' lang='lat' dir='ltr'>illud</span> <span class='ocrx_word' id='word_1_231' title='bbox 984 4117 1095 4178; x_wconf 90' lang='lat' dir='ltr'>parum</span> <span class='ocrx_word' id='word_1_232' title='bbox 1111 4094 1289 4157; x_wconf 88' lang='lat' dir='ltr'>attenditur</span> 
     </span>
     <span class='ocr_line' id='line_1_33' title="bbox 231 4205 1291 4294; baseline -0.002 -23"><span class='ocrx_word' id='word_1_233' title='bbox 231 4229 251 4271; x_wconf 89' lang='lat' dir='ltr'>a</span> <span class='ocrx_word' id='word_1_234' title='bbox 272 4209 350 4272; x_wconf 86' lang='lat' dir='ltr'>viris</span> <span class='ocrx_word' id='word_1_235' title='bbox 373 4209 476 4273; x_wconf 86' lang='lat' dir='ltr'>doctis</span> <span class='ocrx_word' id='word_1_236' title='bbox 498 4209 593 4294; x_wconf 90' lang='lat' dir='ltr'>paulo</span> <span class='ocrx_word' id='word_1_237' title='bbox 617 4209 808 4272; x_wconf 87' lang='lat' dir='ltr'>antecedere</span> <span class='ocrx_word' id='word_1_238' title='bbox 833 4207 1029 4283; x_wconf 76' lang='grc' dir='ltr'>διενοοῦντο,</span> <span class='ocrx_word' id='word_1_239' title='bbox 1053 4227 1094 4270; x_wconf 81' lang='lat' dir='ltr'>ex</span> <span class='ocrx_word' id='word_1_240' title='bbox 1113 4226 1176 4288; x_wconf 90' lang='lat' dir='ltr'>quo</span> <span class='ocrx_word' id='word_1_241' title='bbox 1192 4205 1291 4269; x_wconf 87' lang='lat' dir='ltr'>verbo</span> 
     </span>
    </p>
   </div>
   <div class='ocr_carea' id='block_1_5' title="bbox 0 0 1531 4760">
    <p class='ocr_par' dir='ltr' id='par_1_9' title="bbox 0 0 1531 4760">
     <span class='ocr_line' id='line_1_34' title="bbox 0 0 1531 4760; baseline 0 0"><span class='ocrx_word' id='word_1_242' title='bbox 0 0 1531 4760; x_wconf 95' lang='lat' dir='ltr'> </span> 
     </span>
    </p>
   </div>
  </div>
 </body>
</html>
