3038 4760
206 763 214 779 .
240 762 248 778 .
275 763 281 778 .
307 711 339 780 οἳ
356 712 533 798 Ἀθηναῖοι
557 761 564 776 .
591 761 599 776 .
627 759 634 776 .
661 759 668 776 .
695 712 913 798 ἐψηφίσαντο.
949 712 1043 776 Adde
1066 711 1152 794 quod
1174 732 1262 794 prae-

205 827 290 889 cedit
312 824 466 907 ὁρῶντας,
490 845 510 886 a
532 845 594 906 quo
617 829 761 907 tempore
784 825 945 906 praesenti
968 844 1023 887 cur
1045 823 1087 886 ad
1109 823 1262 887 aoristum

205 937 370 1000 transierit
392 936 595 1018 Thucydides
624 936 711 998 nulla
734 955 828 998 causa
851 936 1004 1016 comitum
1032 935 1144 998 eadem
1167 937 1262 1020 scrip·
1332 949 1336 964 ’

205 1055 296 1111 turae
320 1035 536 1130 discrepantia
558 1046 807 1130 deprehenditur
829 1045 913 1107 VIII
936 1045 985 1125 82,
998 1047 1038 1108 ·1.
1061 1085 1102 1092 -

309 1158 394 1220 VIII
427 1157 501 1222 105.
527 1158 548 1220 3
582 1154 683 1232 εὐθύς
715 1159 821 1241 aptius
854 1177 923 1220 enm
956 1153 1133 1241 ἢμύναντο,
1168 1180 1262 1242 quem

204 1271 357 1334 aoristnm
389 1268 475 1332 solus
501 1268 678 1331 Vaticanus
709 1267 818 1348 habet,
850 1288 943 1350 qnam
973 1287 1043 1331 cnm
1074 1271 1261 1354 imperfecto

202 1379 365 1468 Ιἠμύνοντο
388 1379 565 1462 copulatur.

306 1489 373 1552 VII
397 1491 445 1569 14,
468 1491 488 1553 3
516 1491 549 1552 in
575 1489 680 1551 futuro
710 1494 824 1552 exacto
847 1495 991 1572 tempore
1018 1490 1260 1578 διαπεπολεμη-

109 1600 111 1608 ’
205 1621 292 1664 σεται
321 1603 385 1685 (cet
412 1603 473 1664 cod
501 1597 788 1684 διαπολεμησεται)
817 1600 900 1664 inest
922 1603 970 1664 vis
993 1609 1026 1665 et
1047 1603 1171 1686 pondus
1194 1625 1260 1666 sen·
1330 1663 1333 1671 ‚
1407 1639 1412 1646 -

204 1714 333 1794 tentiae,
357 1734 419 1796 qua
441 1711 550 1774 Nicias
574 1705 652 1773 dicit
673 1700 767 1774 finem
789 1710 865 1796 fore¹
880 1713 965 1792 belli,
993 1713 1019 1775 si
1042 1714 1149 1777 hostes
1173 1734 1261 1778 occu-

204 1833 335 1908 passent
356 1832 466 1902 terras,
489 1823 572 1884 unde
598 1821 758 1884 alerentur
781 1822 836 1885 cs.
859 1824 926 1886 VII
948 1823 998 1904 25,
1022 1825 1051 1888 9.
1075 1862 1117 1870 —

310 1935 469 2015 u1144,8
493 1935 632 2018 Propter
653 1934 819 2014 sequentia
840 1936 940 1998 verba
963 1933 995 1999 οἳ
1016 1939 1076 2018 μέν
1098 1937 1130 1998 in
1146 1937 1261 2000 ceteris

206 2047 367 2112 codicibus
389 2045 619 2128 aucupatam
641 2049 870 2126 καταβαίνοιεν
893 2047 1100 2130 depravatum
1117 2039 1174 2128 est,
1197 2070 1259 2130 qno

205 2160 320 2222 mendo
344 2159 520 2222 Vaticanus
542 2163 649 2219 tamen
673 2162 770 2218 caret.

196 2313 203 2326 .
310 2271 394 2332 VIII
416 2271 465 2349 81,
488 2269 508 2331 3
531 2267 636 2330 malim
660 2267 698 2349 ἢν
714 2264 909 2350 Ἀθηναίοις
931 2269 1081 2360 πιστεύσῃ
1105 2269 1191 2354 (Vat)
1214 2271 1261 2351 „si

204 2382 351 2445 fiduciam
374 2381 694 2464 concepe1·it,“quam
717 2378 863 2468 πιστεύῃ,
889 2379 976 2460 cujus
999 2383 1150 2466 temporis
1170 2382 1259 2446 locus

205 2513 335 2576 prorsus
356 2513 421 2555 non
444 2497 501 2552 est.

312 2603 376 2667 Sed
391 2609 426 2665 nt
442 2599 603 2664 contraria
619 2600 764 2682 exempla
780 2601 967 2684 aspiciamus
983 2605 1049 2666 VII
1065 2605 1126 2686 24
1141 2606 1261 2669 habent

205 2714 304 2778 ceteri
332 2713 458 2776 codices
486 2710 575 2792 ἔιοχι
603 2711 638 2774 δὲ
665 2711 746 2774 κατὰ
773 2714 865 2776 τούτο
888 2715 1003 2796 ιιαιροῖι
1027 2713 1148 2780 ἐλθών.
1194 2715 1261 2778 Vat

205 2825 374 2905 ἐτύγχανε,
403 2825 488 2906 quod
517 2832 641 2905 tempus
664 2823 882 2906 imperfectum
904 2845 1057 2907 nusquam
1074 2827 1167 2910 jungi
1190 2849 1259 2891 cum

204 2936 375 3019 participio
400 2935 511 2999 aoristi
534 2934 701 3001 Classenus
725 2935 958 2999 demonstrauit
981 2937 1021 2999 ad
1045 2939 1095 3000 III
1120 2941 1190 3002 111.

312 3047 394 3110 VIII
426 3047 479 3126 31,
514 3046 535 3108 4
570 3045 609 3107 τὰ
647 3046 682 3109 δὲ
722 3046 934 3129 ἒςβαλόμενοι
972 3047 1189 3114 ἀπέπλευσαν
1227 3050 1260 3126 ἐς
1300 3031 1303 3038 ’
1353 3115 1356 3124 ,

206 3159 356 3222 Φιύκειαν
384 3163 438 3220 καὶ
469 3157 581 3242 Κύμην
613 3153 655 3230 ὡς
678 3153 868 3237 Ἀστύοχον.
918 3160 986 3224 Vat
1016 3160 1269 3247 ἒςύαλλύμινοι,Δ

205 3270 262 3332 sed
300 3269 436 3333 aoristus
472 3269 661 3350 requiritur,
698 3288 794 3347 quom
831 3270 956 3334 eluceat
992 3273 1154 3356 profectos
1191 3293 1259 3336 esse

205 3378 484 3462 Lacedaemonios,
509 3386 678 3463 postquam
699 3398 750 3440 res
773 3399 844 3442 suas
866 3380 899 3442 in
918 3401 1016 3445 naves
1031 3383 1258 3466 imposuerunt.

309 3492 393 3555 VIII
416 3491 458 3556 35
485 3503 555 3566 ταῖς
582 3491 618 3553 δὲ
641 3490 697 3572 (sc.
723 3495 816 3552 ναυσὶ
839 3490 975 3576 ἐκέλευε)
998 3499 1075 3576 περὶ
1099 3495 1260 3577 Τριόπιον

205 3603 317 3680 οὔσαις
349 3603 406 3678 τὰς
439 3600 498 3666 ἀπ’
525 3603 696 3682 Αἰγύπτου
724 3599 868 3675 ὁλκάδας
895 3604 1160 3686 προςβαλλούσας
1192 3604 1259 3680 ξνλ-

205 3714 395 3798 λαμβάνειν.
442 3715 508 3778 Vat
529 3712 783 3798 προςβαλούσας,
807 3714 863 3777 sed
885 3715 1058 3798 capiendae
1081 3716 1140 3778 hae
1162 3736 1259 3779 naues

204 3833 304 3904 erant,
327 3827 399 3889 dum
423 3826 688 3909 appropinquant.

310 3936 391 3998 VIII
426 3938 464 4000 61
504 3942 558 3999 καὶ
594 3939 749 4017 καρτερᾶς
781 3940 953 4022 γενομένης
986 3942 1169 4020 ναυμαχίας
1202 3936 1259 4004 οὐκ

205 4045 343 4111 ἔλασσον
375 4046 501 4128 ἔχοντες
535 4047 570 4111 ἐν
603 4051 644 4133 τῷ
677 4047 758 4133 ἔργῳ
789 4045 820 4112 οἱ
851 4051 929 4114 Χίοι
956 4054 1010 4111 καὶ
1037 4046 1068 4114 οἳ
1096 4050 1259 4134 ξύμμαχοι

204 4155 416 4243 ἀνεχώρησαν
443 4159 475 4233 ἐς
500 4155 556 4244 την
582 4158 691 4223 πόλιν.
737 4159 805 4223 Vat
832 4158 971 4224 ἔλασσον
994 4161 1133 4242 σχόντες.
1179 4161 1258 4226 Jure
