3038 4760
683 489 721 498 ...
757 453 849 538 3*

239 639 402 724 ἦπόρουνγ
431 641 508 702 Vat.
537 641 702 720 κρείσσους
732 638 831 712 ὄντες.
883 637 1007 702 Omisso
1039 635 1130 712 ὄντες
1156 657 1300 700 mancam

237 749 307 813 fieri
330 751 509 814 orationem
531 771 624 814 nemo
647 755 755 833 ponat,
780 749 833 830 qui
855 749 1017 832 aspexerit
1039 749 1172 812 similem
1194 749 1300 812 locum

238 861 289 924 HI
312 861 366 941 69,
390 863 406 924 l
435 859 471 926 ai
499 861 534 924 δὲ
561 863 801 942 τεσσαράκοντα
828 863 900 946 νῆες
930 865 993 923 τῶν
1022 859 1300 946 Πελοποννησίων

239 971 282 1046 ὡς
306 972 338 1036 τό
361 997 393 1036 τε
417 974 597 1054 φεύγουσαι
614 969 669 1035 διά
684 977 741 1036 τοῦ
756 971 921 1050 πελάγους
937 971 971 1034 ἐκ
985 997 1018 1036 τε
1033 970 1300 1056 τῶνἈδηναίιον

240 1082 491 1176 ἐπιδιοιχδεῖσυι
524 1082 688 1166 καὶπρὸς
714 1087 749 1174 τῇ
778 1085 881 1174 Κρήτῃ
907 1087 1138 1167 χειμασθεῖσαι
1161 1088 1215 1147 καὶ
1242 1080 1301 1146 ἀπ’

240 1191 335 1280 aiz-tc
361 1195 558 1278 σποράδες
580 1192 662 1278 πρὸς
683 1192 739 1278 τὴν
762 1193 1021 1278 Πελοπόννησον
1042 1195 1299 1278 κατηνέχθησαν,

240 1305 559 1388 καταλαμβάνουσι.
586 1355 593 1370 .
620 1355 644 1381 .,
679 1307 733 1369 ubi
756 1305 935 1382 ClassenuS,
967 1313 1002 1369 ut
1029 1306 1114 1370 idem
1141 1305 1301 1387 singulare

240 1417 343 1497 tollat,
377 1420 432 1479 καί
466 1419 572 1482 deleto
606 1416 656 1482 άπ
691 1415 788 1502 αιἰιῖγς
822 1417 988 1500 σποράδες
1018 1418 1118 1480 trahit
1142 1417 1184 1480 ad
1212 1441 1300 1499 κατη-

241 1533 418 1613 νέχθησαν.
464 1529 612 1609 Accedit,
645 1528 731 1610 quod
764 1529 797 1591 in
830 1515 959 1592 scholiis
992 1529 1111 1612 legitur
1145 1529 1186 1592 ad
1218 1529 1302 1591 hunc

240 1641 344 1704 locum
374 1647 561 1704 annotatum
589 1641 694 1703 λείπει
720 1637 755 1703 τὸ
787 1638 890 1714 ὄνιες,
923 1641 1006 1704 unde
1035 1661 1072 1704 eo
1103 1639 1301 1724 probabilius

242 1759 291 1814 est
312 1751 403 1833 hujus
427 1751 516 1826 ὄντες
539 1752 695 1834 originem
718 1771 787 1814 esse
802 1753 1020 1834 repetandam,
1043 1753 1118 1835 quia
1132 1757 1302 1835 praeterea

242 1883 460 1945 nonnusquam
486 1862 664 1924 Vaticanus
697 1883 766 1925 cum
794 1863 966 1926 scholiasta
996 1843 1175 1926 communia
1204 1864 1302 1926 habet

241 1975 536 2058 interpretamenta,
558 1993 639 2054 quae
662 1995 722 2056 ego
746 1975 874 2056 quidem
896 1981 974 2058 puto
1000 1995 1078 2037 esse.
1115 1975 1184 2058 (cfr.
1198 1974 1301 2038 V113

242 2088 373 2171 μεγάλῳ
394 2107 469 2170 pag.
492 2085 545 2164 113
569 2083 653 2146 VIII
677 2087 717 2150 10
739 2083 774 2148 ui
798 2086 942 2150 σπονδαί
970 2085 1025 2148 cfr.
1048 2107 1122 2169 pag.
1149 2086 1193 2169 9.)
1237 2085 1302 2150 Sed

243 2199 386 2283 plerique
413 2195 508 2260 hodie
536 2202 701 2278 utramque
734 2197 923 2279 scripturam
951 2199 1113 2280 aspernati
1141 2174 1303 2282 reponunt

244 2313 440 2390 κρείσσονος,
476 2314 510 2370 ut
537 2308 721 2371 concinnius
750 2309 905 2391 procedat
935 2309 1049 2372 oratic.
1095 2312 1141 2374 At
1167 2310 1303 2393 primum

244 2440 427 2504 perversum
456 2428 517 2500 est,
547 2420 572 2480 si
600 2419 669 2501 quis
696 2420 803 2482 studet
829 2421 1008 2504 Thucydidi
1034 2423 1204 2485 restituere
1232 2442 1303 2486 con·

245 2533 443 2611 munitatem,
478 2532 565 2614 cujus
598 2531 631 2592 in
665 2532 749 2595 omni
777 2552 894 2613 genere
928 2539 977 2595 est
1009 2533 1190 2616 neglegens.
1235 2533 1304 2594 Iam

245 2651 350 2706 autem
384 2663 423 2704 ne
458 2643 611 2726 explicari
644 2643 772 2724 quidem
804 2651 913 2726 potest
939 2664 977 2706 ea
1005 2645 1175 2728 scriptura,
1210 2665 1304 2726 quam

245 2761 512 2838 comparaverunt
532 2755 593 2816 uiri
615 2754 713 2818 docti.
746 2755 857 2838 Neque
881 2755 965 2817 enim
981 2755 1130 2837 Krdgero
1147 2757 1304 2819 credimus

247 2866 440 2946 ἐπενεγκεῖν,
465 2867 550 2949 quod
573 2867 704 2929 uerbum
727 2887 823 2949 supra
838 2887 908 2930 cum
923 2864 958 2930 τὸ
976 2866 1141 2952 διάφορον
1157 2868 1304 2950 junctum

246 2987 304 3060 est,
327 2980 374 3041 ita
396 2999 490 3062 posse
514 2979 554 3040 ad
577 2979 712 3040 alterum
734 2978 906 3039 membrum
930 2977 1042 3060 repeti
1065 2984 1101 3040 ut
1114 2977 1225 3040 induat
1240 2978 1304 3042 vim

247 3091 465 3172 aggrediendi,
487 3111 581 3172 quam
603 3089 668 3151 vim
690 3110 754 3152 non
777 3089 887 3151 addito
911 3087 999 3152 ὅπλα
1021 3107 1173 3170 nusquam
1197 3090 1304 3152 habet.

248 3201 416 3266 Classenus
449 3223 525 3264 vero
561 3222 631 3264 eum
658 3200 691 3262 in
727 3201 855 3263 modum
890 3200 1134 3282 interpretatur,
1171 3207 1206 3264 ut
1240 3222 1305 3266 non

248 3313 343 3376 modo
379 3312 563 3392 ἐπενεγκεῖν
590 3311 647 3374 sed
672 3311 707 3377 τὸ
733 3311 896 3394 διάσυρον
919 3311 1105 3390 ἐπενεγκεῖν
1127 3311 1169 3374 ad
1190 3318 1305 3376 utrum-

248 3445 308 3506 que
345 3426 520 3488 membrum
558 3429 703 3506 spectare
739 3423 833 3484 velit:
870 3423 943 3503 „qui
976 3443 1078 3505 neque
1110 3424 1305 3506 reipublicae

247 3537 350 3599 forma
376 3543 499 3599 mutata
525 3534 698 3619 (intestinis
725 3534 867 3596 discidiis
889 3535 1059 3624 enoitatIs),
1086 3555 1188 3618 neque
1211 3536 1306 3618 majo·

247 3649 336 3711 ribus
365 3649 485 3711 viribus
512 3647 616 3731 <clade
644 3647 747 3730 illata)
778 3653 929 3730 poterant
956 3667 1007 3708 res
1036 3667 1075 3710 eo
1103 3655 1238 3729 vertere,
1271 3655 1306 3710 ut

249 3759 384 3845 populos
417 3760 476 3822 sibi
510 3759 747 3841 adjungerent‚“
779 3759 812 3820 in
834 3777 897 3838 qua
918 3758 1133 3840 explicatione
1156 3757 1306 3821 licentius

250 3873 437 3956 exprimitur
459 3869 493 3936 τὸ
519 3871 682 3953 διάφορον
704 3868 885 3951 ἐπιφέρειν.

355 3981 654 4064 V1168,3Vulg.
684 3979 718 4046 τὸ
747 3981 781 4043 δὲ
809 3979 1008 4062 πραξάνιων
1036 3979 1070 4043 ἐκ
1093 3983 1149 4044 σοῖν
1173 3979 1304 4054 εἰκότος,

249 4098 270 4160 ἃ
293 4095 494 4179 βουλόμεθα,
517 4095 591 4169 τούς
615 4093 652 4157 δέ
670 4117 703 4156 τε
723 4092 927 4176 κολασθῆναι
949 4097 1003 4154 καὶ
1017 4093 1053 4182 τῇ
1070 4091 1158 4182 πάσῃ
1172 4091 1305 4172 Σικελίᾳ
